
@INCOLLECTION{hermansITIP,
  chapter = {Stochastic processes},
  title = {Introduction to Imprecise Probabilities},
  publisher = {John Wiley \& Sons},
  year = {2014},
  editor = {Augustin, Thomas and Coolen, Frank P. A. and {d}e Cooman, Gert and
  Troffaes, Matthias C. M.},
  author = {Filip Hermans and Damjan \v{S}kulj}
}

@INPROCEEDINGS{Troffaes+GSB-ISIPTA15p,
  AUTHOR = {Matthias C. M. Troffaes and Jacob Gledhill and Damjan \v{S}kulj and Simon Blake},
  TITLE = {Using imprecise continuous time Markov chains for assessing the reliability of power networks with common cause failure and non-immediate repair},
  booktitle = {Proceedings of the 9th International Symposium on Imprecise Probability: Theories and Applications},
  year = {2015},
  organisation = {SIPTA},
  month = {July},
  pages = {287--294}
}


@INPROCEEDINGS{deCooman2015,
    author = {de Cooman, Gert and De Bock, Jasper and Lopatatzidis, Stavros},
    title = {A pointwise ergodic theorem for imprecise Markov chains},
    booktitle = {Proceedings of the 9th International Symposium on Imprecise Probability: Theories and Applications},
    year = {2015},
    organisation = {SIPTA},
    month = {July},
    pages = {107--115}
}


@ARTICLE{cooman2009,
  author = {{d}e Cooman, Gert and Hermans, Filip and Antonucci, Alessandro and
  Zaffalon, Marco},
  title = {Epistemic irrelevance in credal nets: the case of imprecise {M}arkov
  trees},
  journal = {International Journal of Approximate Reasoning},
  year = {2010},
  volume = {51},
  pages = {1029--1052},
  doi = {10.1016/j.ijar.2010.08.011}
}

@ARTICLE{cozman2000,
  author = {Cozman, Fabio G.},
  title = {Credal networks},
  journal = {Artificial Intelligence},
  year = {2000},
  volume = {120},
  pages = {199--233},
  file = {Credal-networks.pdf:/Users/gert/PDFs/Credal-networks.pdf:PDF}
}

@ARTICLE{cooman2008,
  author = {{d}e Cooman, Gert and Hermans, Filip and Quaeghebeur, Erik},
  title = {Imprecise {M}arkov chains and their limit behaviour},
  journal = {Probability in the Engineering and Informational Sciences},
  year = {2009},
  volume = {23},
  pages = {597--635},
  number = {4},
  month = {January}
}

@ARTICLE{couso1999b,
  author = {Couso, In\'es and Moral, Seraf\'{\i}n and Walley, Peter},
  title = {A survey of concepts of independence for imprecise probabilities},
  journal = {Risk Decision and Policy},
  year = {2000},
  volume = {5},
  pages = {165--181}
}

@Book{troffaes2013:lp,
  author =   {Troffaes, Matthias C. M. and {d}e Cooman, Gert},
  title =    {Lower Previsions},
  publisher =    {Wiley},
  year =   2014}

@BOOK{augustin2013:itip,
  title = {Introduction to Imprecise Probabilities},
  publisher = {John Wiley \& Sons},
  year = {2014},
  editor = {Augustin, Thomas and Coolen, Frank P. A. and {d}e Cooman, Gert and
  Troffaes, Matthias C. M.},
  owner = {gert},
  timestamp = {2011.11.03}
}

@ARTICLE{walley2000,
  author = {Walley, Peter},
  title = {Towards a unified theory of imprecise probability},
  journal = {International Journal of Approximate Reasoning},
  year = {2000},
  volume = {24},
  pages = {125--148},
  file = {:Users/gert/PDFs/Towards_a_frequentist_theory_of_upper_and_lower_probability.pdf:PDF},
  owner = {gert}
}

@BOOK{walley1991,
  title = {Statistical Reasoning with Imprecise Probabilities},
  publisher = {Chapman and Hall},
  year = {1991},
  author = {Walley, Peter},
  address = {London},
  file = {Walley91_Statistical-Reasoning-with-Imprecise-Probabilities.pdf:/Users/gert/PDFs/Walley91_Statistical-Reasoning-with-Imprecise-Probabilities.pdf:PDF}
}

@article{2015Lopatatzidis,
    year={2015},
    issn={0257-0130},
    journal={Queueing Systems},
    title={Robust queueing theory: an initial study using imprecise probabilities},
    publisher={Springer US},
    author={Lopatatzidis, Stavros and De Bock, Jasper and de Cooman, Gert and De Vuyst, Stijn and Walraevens, Joris},
    pages={1--27}
}

% Optional fields: editor, volume/number, series, pages, address, month, organization, publisher, note

@article{Erlang,
    title = "The Theory of Probabilities and Telephone Conversations ",
    journal = "Nyt Tidsskrift for Matematik B ",
    volume = "20",
    year = "1909",
    author = "Erlang, Agner Krarup "
}

@book{Takagi91,
author = {Takagi, Hideaki},
title = {Queueing analysis: a foundation of performance evaluation},
publisher = {North-Holland},
volume = {I, II and III},
year = {1991--1993}
}

@book{Bolch,
author = {Bolch, Gunter and Greiner, Stefan and de Meer, Hermann and Trivedi, Kishor S.},
title = {Queueing Networks and Markov Chains},
publisher = {John Wiley \& Sons, Inc.},
year = {1998}
}

@book{Mor,
author = {Halchor-Balter, Mor},
title = {Performance Modeling and Design of Computer Systems: Queueing Theory in Action},
publisher = {Cambridge University Press},
year = {2013}
}

@article{Skulj2015,
    title = "Efficient computation of the bounds of continuous time imprecise Markov chains ",
    journal = "Applied Mathematics and Computation ",
    volume = "250",
	pages = "165--180",
    year = "2015",
    author = "\v{S}kulj, Damjan "
}

@article{Altman2004,
    title = "Perturbation Analysis for Denumerable Markov Chains with Application to Queueing Models ",
    journal = "Advances in Applied Probability ",
    volume = "36",
    pages = "839--853",
    year = "2004",
    author = "Altman, Eitan and Avrachenkov, Konstantin E. and N\'u\~{n}ez-Queija, Rudesindo"
}

@article{Kocaga2015,
    title = "Staffing call centers with uncertain arrival rates and co-sourcing ",
    journal = "Production and Operations Management ",
    volume = "24",
    pages = "1101--1117",
    year = "2015",
    author = "Ko\c{c}ag\u{a}, Ya\c{s}ar Levent and Armony, Mor and Ward, Amy R. "
}

@article{Defraeye20164,
    title = "Staffing and scheduling under nonstationary demand for service: A literature review ",
    journal = "Omega ",
    volume = "58",
    pages = "4--25",
    year = "2016",
    author = "Mieke Defraeye and Inneke Van Nieuwenhuyse"
}

@article{Whitt2006,
    Author = {Whitt, Ward},
    Journal = {Production \& Operations Management},
    Number = {1},
    Pages = {88--102},
    Title = {Staffing a Call Center with Uncertain Arrival Rate and Absenteeism.},
    Volume = {15},
    Year = {2006},
}

@article{Bandi2015,
    title = "Robust Queueing Theory",
    journal = "Operations Research ",
    volume = "63",
    pages = "676--700",
    year = "2015",
    author = "Bandi, Chaithanya and Bertsimas, Dimitris and Youssef, Nataly "
}

@article{Bertsimas2011,
    author = {Dimitris Bertsimas and David Gamarnik and Alexander Anatoliy Rikun},
    title = {Performance Analysis of Queueing Networks via Robust Optimization},
    journal = {Operations Research},
    volume = {59},
    number = {2},
    pages = {455--466},
    year = {2011}
}

@article{Bertsimas2011b,
    author = {Dimitris Bertsimas and David B. Brown and Constantine Caramanis},
    title = {Theory and Applications of Robust Optimization},
    journal = {SIAM Review},
    volume = {53},
    number = {3},
    pages = {464--501},
    year = {2011}
}

% Optional fields: volume, number, pages, month, note
@ARTICLE{Bruneel1986,
    author = {Bruneel, Herwig},
    title = {On statistical multiplexers with randomly changing input characteristics},
    journal = {Computers \& Operations Research},
    volume = "13",
    number = "4",
    pages = "481--487",
    year = "1986"
}

@article{Bruneel1993,
    author = "Bruneel, Herwig",
    title = "Performance of discrete-time queueing systems ",
    journal = "Computers \& Operations Research ",
    volume = "20",
    number = "3",
    pages = "303--320",
    year = "1993"
}

@ARTICLE{Fidler2015,
    author={Fidler, Markus and Rizk, Amr},
    journal={Communications Surveys Tutorials, IEEE},
    title={A Guide to the Stochastic Network Calculus},
    year={2015},
    volume={17},
    number={1},
    pages={92--105},
    month={Firstquarter},
}

@article{Borodin2001,
     author = {Borodin, Allan and Kleinberg, Jon and Raghavan, Prabhakar and Sudan, Madhu and Williamson, David P.},
     title = {Adversarial Queuing Theory},
     journal = {Journal of the ACM},
     volume = {48},
     number = {1},
     month = "January",
     year = {2001},
     pages = {13--38},
     publisher = {ACM},
     address = {New York, NY, USA},
}

@article{Adan2003,
     author = {Adan, Ivo J.B.F. and Kulkarni, Vidyadhar G.},
     title = {Single-server queue with {M}arkov-dependent inter-arrival and service times},
     journal = {Queueing Systems},
     volume = {45},
     number = {2},
     year = {2003},
     pages = {113--134},
}

@article{Breuer2002,
     author = {Breuer, L.},
     title = {{An EM algorithm for Batch Markovian Arrival Processes and its comparison to a simpler estimation procedure}},
     journal = {Annals of Operations Research},
     volume = {112},
     number = {1-4},
     year = {2002},
     pages = {123--138},
}