% Encoding: UTF-8

@Article{DeBock:2016:iCTMClimit,
  author = {De Bock, Jasper},
  title  = {{Convergence of Continuous-Time Imprecise {M}arkov Chains}},
  year   = {2016},
  note   = {ArXiv:1602.05478},
}

@InProceedings{cooman2015:isipta:markov,
  author    = {de Cooman, Gert and De Bock, Jasper and Lopatatzidis, Stavros},
  title     = {A pointwise ergodic theorem for imprecise {M}arkov chains},
  booktitle = {ISIPTA~'15: Proceedings of the Ninth International Symposium on Imprecise Probability: Theories and Applications},
  editor    = {Augustin, Thomas and Doria, Serena and Miranda, Enrique and Quaeghebeur, Erik},
  pages     = {107--115},
  abstract  = {We prove a game-theoretic version of the strong law of large numbers for submartingale differences, and use this to derive a pointwise ergodic theorem for discrete-time {M}arkov chains with finite state sets, when the transition probabilities are imprecise, in the sense that they are only known to belong to some convex closed set of probability measures.},
  keywords  = {imprecise probability, lower expectation, pointwise ergodic theorem, imprecise {M}arkov chain, game-theoretic probability},
  url       = {http://www.sipta.org/isipta15/data/paper/2.pdf},
}

@article{dawid1985:cbep}
@Article{dawid1982:well:calibrated:bayesian,
  author  = {Dawid, A. Philip},
  title   = {The Well-Calibrated Bayesian},
  journal = {Journal Of The American Statistical Association},
  year    = {1982},
  volume  = {77},
  number  = {379},
  pages   = {605--610},
  annote  = {With comments by Joseph B. Kadane and D. V. Lindley and a rejoinder by the author},
}

@Article{cooman2015:markovergodic,
  author  = {{d}e Cooman, Gert and De Bock, Jasper, and Lopatatzidis, Stavros},
  title   = {A study of imprecise {M}arkov chains: joint lower expectations and point-wise ergodic theorems},
  journal = {International Journal of Approximate Reasoning},
  year    = {2015},
  note    = {Accepted for publication},
}

@InCollection{cozman2013:isipta,
  author    = {Cozman, Fabio G.},
  title     = {Independence for sets of full conditional probabilities, sets of lexicograpic probabilities, and sets of desirable gambles},
  booktitle = {ISIPTA '13 -- Proceedings of the Eighth International Symposium on Imprecise Probability: Theories and Applications},
  publisher = {SIPTA},
  year      = {2013},
  editor    = {Cozman, Fabio G. and Den{\oe}ux, Thierry and Destercke, S\'ebastien and Seidenfeld, Teddy},
  pages     = {87--97},
}

@Article{cozman2013,
  author  = {Cozman, Fabio G.},
  title   = {Independence for full conditional probabilities: Structure, factorization, non-uniqueness, and Bayesian networks},
  journal = {International Journal Of Approximate Reasoning},
  year    = {2013},
  volume  = {54},
  number  = {9},
  pages   = {1261--1278},
}

@InProceedings{makowski1989,
  author    = {Makowski, Armand and Melamed, Benjamin and Whitt, Ward},
  title     = {On averages seen by arrivals in discrete time},
  booktitle = {28th IEEE Conference on Decision and Control},
  year      = {1989},
  pages     = {1084--1086},
  publisher = {IEEE},
}

@InCollection{mangili2013:isipta,
  author    = {Mangili, Francesca and Benavoli, Alessio},
  title     = {New prior near-ignorance models on the simplex},
  booktitle = {ISIPTA '13 -- Proceedings of the Eighth International Symposium on Imprecise Probability: Theories and Applications},
  publisher = {SIPTA},
  year      = {2013},
  editor    = {Cozman, Fabio and Den{\oe}ux, Thierry and Destercke, S\'ebastien and Seidenfeld, Teddy},
  pages     = {213--222},
}

@Book{lad1996:operational,
  title     = {Operational Subjective Statistical Methods: A Mathematical, Philosophical and Historical Introduction},
  publisher = {John Wiley \& Sons},
  year      = {1996},
  author    = {Lad, Frank},
}

@Book{good1965:estimation,
  title     = {The Estimation of Probabilities: An Essay on Modern {B}ayesian Methods},
  publisher = {The MIT Press},
  year      = {1965},
  author    = {Good, Irving John},
}

@Book{geisser1993:predictive:inference,
  title     = {Predictive Inference: An Introduction},
  publisher = {Chapman \& Hall},
  year      = {1993},
  author    = {Geisser, Seymour},
}

@Book{jaynes2003:book,
  title     = {Probability Theory: The Logic of Science},
  publisher = {Cambridge University Press},
  year      = {2003},
  author    = {Jaynes, Edwin T.},
}

@InCollection{skulj2007,
  author    = {\v{S}kulj, D.},
  title     = {Regular finite {M}arkov chains with interval probabilities},
  booktitle = {ISIPTA '07 -- Proceedings of the Fifth International Symposium on Imprecise Probability: Theories and Applications},
  publisher = {SIPTA},
  year      = {2007},
  editor    = {{d}e Cooman, G. and Vejnarov\'a, J. and Zaffalon, M.},
  pages     = {405--413},
}

@InCollection{skulj2006,
  author    = {\v{S}kulj, D.},
  title     = {Finite discrete time {M}arkov chains with interval probabilities},
  booktitle = {Soft Methods for Integrated Uncertainty Modelling},
  publisher = {Springer},
  year      = {2006},
  editor    = {Lawry, J. and Miranda, E. and Bugarin, A. and Li, S. and Gil, M.~A. and Grzegorzewski, P. and Hryniewicz, O.},
  pages     = {299--306},
  address   = {Berlin},
}

@Article{agnew1938,
  author  = {Agnew, R. P. and Morse, A. P.},
  title   = {Extensions of linear functionals, with applications to limits, integrals, measures and densities},
  journal = {The Annals of Mathematics},
  year    = {1938},
  volume  = {39},
  pages   = {20--30},
}

@Article{akian2003,
  author  = {Akian, Marianne and Gaubert, St\'ephane},
  title   = {Spectral theorem for convex monotone homogeneous maps, and ergodic control},
  journal = {Nonlinear Analysis---Theory Methods \& Applications},
  year    = {2003},
  volume  = {52},
  number  = {2},
  pages   = {637-679},
}

@Article{alaoglu1940,
  author  = {Alaoglu, L. and Birkhoff, G.},
  title   = {General ergodic theorems},
  journal = {The Annals of Mathematics},
  year    = {1940},
  volume  = {41},
  pages   = {293--309},
}

@Article{alsina1980,
  author  = {Alsina, C. and Trillas, E. and Valverde, L.},
  title   = {On non-distributive logical connectives for fuzzy sets theory},
  journal = {BUSEFAL},
  year    = {1980},
  volume  = {3},
  pages   = {18--29},
}

@Article{anscombe1963,
  author  = {Anscombe, F. J. and Aumann, R. J.},
  title   = {A definition of subjective probability},
  journal = {The Annals of Mathematical Statistics},
  year    = {1963},
  volume  = {34},
  pages   = {199--2005},
}

@InProceedings{antonucci2009,
  author    = {Antonucci, Alessandro and Benavoli, Alessio and Zaffalon, Marco and {d}e Cooman, Gert and Hermans, Filip},
  title     = {Multiple model tracking by imprecise {M}arkov trees},
  booktitle = {Proceedings of the 12th International Conference on Information Fusion (Seattle, WA, USA, July 6--9, 2009)},
  year      = {2009},
  pages     = {1767--1774},
}

@InProceedings{antonucci2011,
  author    = {Antonucci, Alessandro and de~Rosa, Rocco and Giusti, Alessandro},
  title     = {Action recognition by imprecise hidden {M}arkov models},
  booktitle = {Proceedings of the 2011 International Conference on Image Processing, Computer Vision and Pattern Recognition (IPCV 2011)},
  year      = {2011},
  pages     = {474--478},
  publisher = {CSREA Press},
}

@Article{antonucci2007,
  author  = {Antonucci, Alessandro and Zaffalon, Marco},
  title   = {Fast algorithms for robust classification with Bayesian nets},
  journal = {International Journal of Approximate Reasoning},
  year    = {2007},
  volume  = {44},
  number  = {3},
  pages   = {200--223},
  month   = {Jan},
  doi     = {10.1016/j.ijar.2006.07.011},
}

@Book{apostel1986,
  title     = {Formele logika},
  publisher = {Communication \& Cognition, De Sikkel},
  year      = {1986},
  author    = {Apostel, L. and Vandamme, F.},
  address   = {Ghent},
  note      = {deel 2: Niet-klassieke en toegepaste logika},
}

@Book{apostol1975,
  title     = {Mathematical Analysis},
  publisher = {Addison-Wesley},
  year      = {1975},
  author    = {Apostol, T. M.},
  address   = {Reading, MA},
}

@Article{artzner1999,
  author  = {Artzner, Ph. and Delbaen, F. and Eber, J.-M. and Heath, D.},
  title   = {Coherent measures of risk},
  journal = {Mathematical Finance},
  year    = {1999},
  volume  = {9},
  pages   = {203--228},
}

@Book{ash1972,
  title     = {Real Analysis and Probability},
  publisher = {Academic Press},
  year      = {1972},
  author    = {Ash, R. B.},
  address   = {New York},
}

@Book{ash2000,
  title     = {Probability and Measure Theory},
  publisher = {Academic Press},
  year      = {2000},
  author    = {Ash, R. B. and Dol\'eans-Dade, C. A.},
  address   = {London},
  edition   = {Second},
}

@InCollection{augustin1996,
  author    = {Augustin, Th.},
  title     = {Modelling weak information with generalised probability assignments},
  booktitle = {Data Analysis and Information Systems -- Statistical and Conceptual Approaches},
  publisher = {Springer Verlag},
  year      = {1996},
  editor    = {Bock, H. H. and Polasek, W.},
  pages     = {101--113},
  address   = {Heidelberg},
}

@Article{augustin2004,
  author  = {Augustin, Th.},
  title   = {Generalized basic probability assignments},
  journal = {International Journal of General Systems},
  year    = {2004},
  note    = {Accepted for publication.},
}

@Article{aumann1964,
  author  = {Aumann, R. J.},
  title   = {Utility theory without the completeness axiom: a correction},
  journal = {Econometrica},
  year    = {1964},
  volume  = {32},
  pages   = {210--212},
}

@Article{aumann1962,
  author  = {Aumann, R. J.},
  title   = {Utility theory without the completeness axiom},
  journal = {Econometrica},
  year    = {1962},
  volume  = {30},
  pages   = {445--462},
}

@Article{avis1997,
  author  = {Avis, D. and Bremner, D. and Seidel, R.},
  title   = {How good are convex hull algorithms?},
  journal = {Computational Geometry},
  year    = {1997},
  volume  = {7},
  number  = {5-6},
  pages   = {265--301},
}

@TechReport{baldwin1978,
  author      = {Baldwin, J. F. and Pilsworth, B. W.},
  title       = {A Theory of Fuzzy Probability},
  institution = {Department of Engineering Mathematics},
  year        = {1978},
  number      = {Report EM/FS 15},
  address     = {University of Bristol},
}

@Book{banach1987,
  title     = {Theory of Linear Operators},
  publisher = {North-Holland},
  year      = {1987},
  author    = {Banach, S.},
  number    = {38},
  series    = {Mathematical Library},
  address   = {Amsterdam},
  note      = {English translation by F. Jellet of \cite{banach1932}},
  owner     = {gert},
  timestamp = {2006.03.01},
}

@Book{banach1932,
  title     = {Th\'eorie des Op\'erations Lin\'eaires},
  publisher = {Warszava-Lw\'ow},
  year      = {1932},
  author    = {Banach, S.},
  number    = {1},
  series    = {Monografje Matematyczne},
  owner     = {gert},
  timestamp = {2006.03.01},
}

@InCollection{bandler1986,
  author    = {Bandler, W. and Kohout, L.},
  title     = {A survey of fuzzy relational products in their applicability to medicine and clinical psychology},
  booktitle = {Knowledge Representation in Medecine and Clinical Behaviour Science},
  publisher = {Abacus Press},
  year      = {1986},
  editor    = {Bandler, W. and Kohout, L.},
  pages     = {107--118},
  address   = {Cambridge, Mass.~and Tunbridge Wells, Kent},
}

@Article{banon1981,
  author  = {Banon, G.},
  title   = {Distinction between several subsets of fuzzy measures},
  journal = {Fuzzy Sets and Systems},
  year    = {1981},
  volume  = {5},
  pages   = {291--305},
}

@Book{bellman1957,
  title     = {Dynamic Programming},
  publisher = {Princeton University Press},
  year      = {1957},
  author    = {Bellman, Richard},
  address   = {Princeton},
  owner     = {gert},
  timestamp = {2010.11.10},
}

@InProceedings{benferhat1994,
  author    = {Benferhat, S. and Dubois, D. and Prade, H.},
  title     = {Expressing independence in a possibilistic framework and its application to default reasoning},
  booktitle = {Proceedings of ECAI 94 (11th European Conference on Artificial Intelligence)},
  year      = {1994},
  editor    = {Cohn, A.},
  pages     = {150--154},
  publisher = {John Wiley \& Sons},
}

@Article{benferhat1999,
  author  = {Benferhat, S. and Dubois, D. and Prade, H.},
  title   = {Possibilistic and standard probabilistic semantics of conditional knowledge bases},
  journal = {Journal of Logic and Computation},
  year    = {1999},
  volume  = {9},
  pages   = {873--895},
  owner   = {gert},
}

@InCollection{berger1984,
  author    = {Berger, J. O.},
  title     = {The robust {B}ayesian viewpoint},
  booktitle = {Robustness of {B}ayesian Analyses},
  publisher = {Elsevier Science},
  year      = {1984},
  editor    = {Kadane, J. B.},
  address   = {Amsterdam},
}

@Article{berger1994,
  author  = {Berger, J. O.},
  title   = {An overview of robust {B}ayesian analysis},
  journal = {Test},
  year    = {1994},
  volume  = {3},
  pages   = {5--124},
  note    = {With discussion},
}

@Book{berger1985,
  title     = {Statistical Decision Theory and Bayesian Analysis},
  publisher = {Springer-Verlag},
  year      = {1985},
  author    = {Berger, J. O.},
  address   = {New York},
}

@Book{berger1980,
  title     = {Statistical Decision Theory},
  publisher = {Springer-Verlag},
  year      = {1980},
  author    = {Berger, J. O.},
  address   = {New York},
}

@Article{bernard2002,
  author  = {Bernard, J.-M.},
  title   = {Implicative analysis for multivariate binary data using an imprecise Dirichlet Model},
  journal = {Journal of Statistical Planning and Inference},
  year    = {2002},
  volume  = {105},
  pages   = {83--103},
}

@Article{bernard1997,
  author    = {Bernard, J.-M.},
  title     = {{B}ayesian analysis of tree-structured categorized data},
  journal   = {Revue Internationale de Syst\'emique},
  year      = {1997},
  volume    = {11},
  pages     = {11--29},
  owner     = {gert},
  timestamp = {2007.05.02},
}

@Book{bernardo1994,
  title     = {{B}ayesian Theory},
  publisher = {John Wiley \& Sons},
  year      = {1994},
  author    = {Bernardo, J. M. and Smith, A. F. M.},
  address   = {Chichester},
}

@Book{bernoulli1713,
  title         = {Ars Conjectandi},
  publisher     = {Thurnisius},
  year          = {1713},
  author        = {Bernoulli, Jacob},
  address       = {Basel},
  date-modified = {2011-08-05 09:00:55 +0000},
}

@Book{bezembinder1970,
  title     = {Van rangorde naar continuum},
  publisher = {Van Loghum Slaterus},
  year      = {1970},
  author    = {Bezembinder, T. G.},
  address   = {Deventer},
}

@Book{bhaskara1983,
  title     = {Theory of Charges},
  publisher = {Academic Press},
  year      = {1983},
  author    = {Bhaskara Rao, K. P. S. and Bhaskara Rao, M.},
  address   = {London},
}

@Book{billingsley1995,
  title     = {Probability and Measure},
  publisher = {Wiley},
  year      = {1995},
  author    = {Billingsley, P.},
  edition   = {Third edition},
}

@Book{birkhoff1967,
  title     = {Lattice Theory},
  publisher = {A.M.S.~Colloquium Publications},
  year      = {1995},
  author    = {Birkhoff, G.},
  address   = {Providence, RI},
  note      = {Eight printing with corrections of the third edition, first published in 1967},
}

@Article{birkhoff1932,
  author  = {Birkhoff, G. D.},
  title   = {Proof of the ergodic theorem},
  journal = {Proceedings of the National Academy of Sciences of the USA},
  year    = {1932},
  volume  = {17},
  pages   = {656--660},
}

@Article{bishop1959,
  author     = {Bishop, Errett and De Leeuw, Karel},
  title      = {The representations of linear functionals by measures on sets of extreme points},
  journal    = {Annales de l'institut Fourier},
  year       = {1959},
  volume     = {9},
  pages      = {305--331},
  bdsk-url-1 = {http://www.numdam.org/item?id=AIF_1959__9__305_0},
  url        = {http://www.numdam.org/item?id=AIF_1959__9__305_0},
}

@Book{black1949,
  title     = {Language and Philosophy},
  publisher = {Cornell University Press},
  year      = {1949},
  author    = {Black, M.},
  address   = {Ithaca, NY},
}

@Book{bollobas1999,
  title     = {Linear analysis: an introductory course},
  publisher = {Cambridge University Press},
  year      = {1999},
  author    = {Bollob\'as, B\'ela},
  address   = {Cambridge, UK},
  edition   = {Secind edition},
  owner     = {gert},
  timestamp = {2012.02.16},
}

@Book{boole2004,
  title         = {Studies in Logic and Probability},
  publisher     = {Dover Publications},
  year          = {2004, reprint of the work originally published by Watts \& Co., London, in 1952},
  author        = {Boole, George},
  address       = {Mineola, NY},
  date-added    = {2011-08-05 09:11:43 +0000},
  date-modified = {2011-08-05 09:14:46 +0000},
}

@Book{boole1847,
  title         = {The Laws of Thought},
  publisher     = {Dover Publications},
  year          = {1847, reprinted in 1961},
  author        = {Boole, George},
  address       = {New York},
  date-modified = {2011-08-05 09:15:33 +0000},
}

@Book{borel1972,
  title     = {\OE uvres d'\'Emile Borel},
  publisher = {\'Editions du Centre National de la Recherche Scientifique},
  year      = {1972},
  author    = {Borel, E.},
  address   = {Paris},
  note      = {Four volumes},
}

@Article{borel1909,
  author  = {Borel, E.},
  title   = {Les probabilit\'es d\'enombrables et leurs applications arithm\'etiques},
  journal = {Rendiconti del Circolo Matematico di Palermo},
  year    = {1909},
  volume  = {27},
  pages   = {247--270},
  note    = {Reprinted in \cite{borel1972}, Volume 2, pp.~1055--1079},
}

@InProceedings{boyen1995,
  author    = {Boyen, L. and {d}e Cooman, G. and Kerre, E. E.},
  title     = {On the extension of {P}-consistent mappings},
  booktitle = {Foundations and Applications of Possibility Theory -- Proceedings of FAPT '95},
  year      = {1995},
  editor    = {{d}e Cooman, G. and Ruan, D. and Kerre, E. E.},
  pages     = {88-98},
  address   = {Singapore},
  publisher = {World Scientific},
}

@Article{buehler1976,
  author  = {Buehler, Robert~J.},
  title   = {Coherent preferences},
  journal = {The Annals of Statistics},
  year    = {1976},
  volume  = {4},
  pages   = {1051--1064},
}

@Book{burill1972,
  title     = {Measure, Integration and Probability},
  publisher = {McGraw-Hill},
  year      = {1972},
  author    = {Burrill, C. W.},
  address   = {New York},
}

@InProceedings{campos2007,
  author    = {{d}e Campos, Cassio P. and Cozman, Fabio G.},
  title     = {Inference in credal networks through integer programming},
  booktitle = {ISIPTA '07 -- Proceedings of the Fifth International Symposium on Imprecise Probability: Theories and Applications},
  year      = {2007},
  editor    = {{d}e Cooman, G. and Vejnarov\'a, J. and Zaffalon, M.},
  pages     = {145--154},
  address   = {Prague (Czech Republic)},
  publisher = {Action M Agency},
}

@Article{campos2007b,
  author  = {{d}e Campos, Cassio P. and Cozman, Fabio G.},
  title   = {Computing lower and upper expectations under epistemic independence},
  journal = {International Journal of Approximate Reasoning},
  year    = {2007},
  volume  = {44},
  number  = {3},
  pages   = {244--260},
}

@InProceedings{campos2005a,
  author    = {{de} Campos, Cassio P. and Cozman, Fabio G.},
  title     = {The inferential complexity of {B}ayesian and credal networks},
  booktitle = {Proceedings of the International Joint Conference on Artificial Intelligence},
  year      = {2005},
  pages     = {1313--1318},
  address   = {Edinburgh},
}

@InProceedings{campos2005,
  author    = {{d}e Campos, Cassio P. and Cozman, Fabio G.},
  title     = {Inference in credal networks using multilinear programming},
  booktitle = {Proceedings of the Second Starting AI Researcher Symposium},
  year      = {2004},
  pages     = {50--61},
  address   = {Valencia},
  publisher = {IOS Press},
}

@Article{campos1994,
  author  = {{d}e Campos, L. M. and Huete, J. F. and Moral, Seraf\'{\i}n},
  title   = {Probability intervals: a tool for uncertain reasoning},
  journal = {International Journal of Uncertainty, Fuzziness and Knowledge-Based Systems},
  year    = {1994},
  volume  = {2},
  pages   = {167--196},
}

@Article{campos1990,
  author  = {{d}e Campos, L. M. and Lamata, M. T. and Moral, Seraf\'{\i}n},
  title   = {The concept of conditional fuzzy measures},
  journal = {International Journal of Intelligent Systems},
  year    = {1990},
  volume  = {5},
  pages   = {237--246},
}

@InCollection{campos1995,
  author    = {{d}e Campos, Luis M. and Moral, Seraf\'{i}n},
  title     = {Independence concepts for convex sets of probabilities},
  booktitle = {Eleventh Conference on Uncertainty in Artificial Intelligence},
  year      = {1995},
  editor    = {Besnard, P. and Hanks, S.},
  pages     = {108--115},
  address   = {San Francisco, CA},
}

@TechReport{campos2003,
  author      = {Campos, M.~A. and Dimuro, G. P. and {d}a Rocha Costa, A.~C. and Kreinovich, V.},
  title       = {Computing 2-step predictions for interval-valued finite stationary {M}arkov chains},
  institution = {University of Texas at El Paso},
  year        = {2003},
  number      = {UTEP-CS-03-20a},
  owner       = {gert},
  timestamp   = {2007.10.29},
}

@Article{candeloro1987,
  author  = {Candeloro, D. and Pucci, S.},
  title   = {Radon-{N}ikodym derivatives and conditioning in fuzzy measure theory},
  journal = {Stochastica},
  year    = {1987},
  volume  = {11},
  pages   = {107--120},
}

@InProceedings{cappelle1991b,
  author    = {Cappelle, B.},
  title     = {Multistate structure functions and possibility theory: an alternative approach},
  booktitle = {Introduction to the Basic Principles of Fuzzy Set Theory and Some of Its Applications},
  year      = {1991},
  editor    = {Kerre, E. E.},
  pages     = {252--293},
  address   = {Ghent},
  publisher = {Communication \& Cognition},
}

@Article{cappelle1991a,
  author  = {Cappelle, B. and Kerre, E. E. and Ruan, D. and Vanmassenhove, F.},
  title   = {Characterization of binary operations on the unit interval satisfying the generalized modus ponens inference rule},
  journal = {Mathematica Pannonica},
  year    = {1991},
  volume  = {2},
  pages   = {105--121},
}

@Book{carnap1952,
  title     = {The continuum of inductive methods},
  publisher = {The University of Chicago Press},
  year      = {1952},
  author    = {Carnap, R.},
  owner     = {gert},
  timestamp = {2006.08.03},
}

@Article{chanas1988,
  author  = {Chanas, S. and Nowakowski, M.},
  title   = {Single value simulation of fuzzy variable},
  journal = {Fuzzy Sets and Systems},
  year    = {1988},
  volume  = {25},
  pages   = {43--57},
}

@Article{charnes1962,
  author  = {Charnes, A. and Cooper, W. W.},
  title   = {Programming with linear fractional functionals},
  journal = {Naval Research Logistic Quarterly},
  year    = {1962},
  volume  = {9},
  pages   = {181--186},
}

@InCollection{cheeseman1986,
  author    = {Cheeseman, P.},
  title     = {Probabilistic versus fuzzy reasoning},
  booktitle = {Uncertainty in Artificial Intelligence},
  publisher = {North-Holland},
  year      = {1986},
  editor    = {Kanal, L. N. and Lemmer, J. F.},
  pages     = {85--102},
  address   = {Amsterdam},
}

@Article{choquet1953,
  author  = {Choquet, Gustave},
  title   = {Theory of Capacities},
  journal = {Annales de l'Institut {F}ourier},
  year    = {1953--1954},
  volume  = {5},
  pages   = {131--295},
  file    = {Theory_of_capacities.pdf:/Users/gert/PDFs/Theory_of_capacities.pdf:PDF},
}

@Article{cifarelli1996,
  author    = {Cifarelli, Donato Michele and Regazzini, Eugenio},
  title     = {De {F}inetti's contributions to probability and statistics},
  journal   = {Statistical Science},
  year      = {1996},
  volume    = {11},
  pages     = {253--282},
  file      = {De_Finettis_contributions_to_probability_and_statistics.pdf:/Users/gert/PDFs/De_Finettis_contributions_to_probability_and_statistics.pdf:PDF},
  owner     = {gert},
  timestamp = {2005.11.08},
}

@Book{cohen1977,
  title     = {The Probable and the Provable},
  publisher = {Clarendon Press},
  year      = {1977},
  author    = {Cohen, L. J.},
  address   = {Oxford},
}

@InCollection{cooman1996e,
  author    = {{d}e Cooman, Gert},
  title     = {Describing linguistic information in a behavioural framework: possible or not?},
  booktitle = {Intelligent Systems: A Semiotic Perspective (Proceedings of the 1996 International Multidisciplinary Conference, Gaithersburg, MD, 20--23 October 1996)},
  year      = {1996},
  editor    = {Albus, J. and Meystel, A. and Quintero, R.},
  pages     = {141--150},
}

@InCollection{cooman1999c,
  author    = {{d}e Cooman, Gert},
  title     = {Lower desirability functions: a convenient imprecise hierarchical uncertainty model},
  booktitle = {ISIPTA '99 -- Proceedings of the First International Symposium on Imprecise Probabilities and Their Applications},
  publisher = {Imprecise Probabilities Project},
  year      = {1999},
  editor    = {{de} Cooman, Gert and Cozman, Fabio G. and Moral, Seraf\'{\i}n and Walley, Peter},
  pages     = {111--120},
  address   = {Ghent},
}

@InCollection{cooman2001b,
  author    = {{d}e Cooman, Gert},
  title     = {Belief models: an order-theoretic analysis},
  booktitle = {ISIPTA '01 -- Proceedings of the Second International Symposium on Imprecise Probabilities and Their Applications},
  publisher = {Shaker Publishing},
  year      = {2000},
  editor    = {{de} Cooman, G. and Fine, T. L. and Seidenfeld, T.},
  pages     = {93--103},
  address   = {Maastricht},
}

@InCollection{cooman1995,
  author    = {{d}e Cooman, Gert},
  title     = {The formal analogy between possibility and probability theory},
  booktitle = {Foundations and Applications of Possibility Theory -- Proceedings of FAPT '95},
  publisher = {World Scientific},
  year      = {1995},
  editor    = {{d}e Cooman, G. and Ruan, D. and Kerre, E. E.},
  pages     = {88-98},
  address   = {Singapore},
}

@InCollection{cooman1999b,
  author    = {{d}e Cooman, Gert},
  title     = {Integration in possibility theory},
  booktitle = {Fuzzy Measures and Integrals -- Theory and Applications},
  publisher = {Physica-Verlag (Springer)},
  year      = {2000},
  editor    = {Grabisch, M. and Murofushi, T. and Sugeno, M.},
  pages     = {124--160},
  address   = {Heidelberg},
}

@InCollection{cooman1991b,
  author    = {{d}e Cooman, Gert},
  title     = {Evaluation sets and mappings --- the order-theoretic aspect of the meaning of properties},
  booktitle = {Introduction to the Basic Principles of Fuzzy Set Theory and Some of Its Applications},
  publisher = {Communication \& Cognition},
  year      = {1991},
  editor    = {Kerre, E. E.},
  pages     = {159--213},
  address   = {Ghent},
}

@InCollection{cooman1995b,
  author    = {{d}e Cooman, Gert},
  title     = {Generalized possibility and necessity measures on fields of sets},
  booktitle = {Proceedings of the International ICSC Symposium on Fuzzy Logic (ISFL '95)},
  publisher = {ICSC Academic Press},
  year      = {1995},
  editor    = {Steele, N. C.},
  pages     = {A91--A98},
  address   = {Canada},
}

@Article{cooman1999a,
  author  = {{d}e Cooman, Gert},
  title   = {A behavioural model for vague probability assessments},
  journal = {Fuzzy Sets and Systems},
  year    = {2005},
  volume  = {154},
  pages   = {305--358},
  note    = {With discussion},
  doi     = {10.1016/j.fss.2005.01.005},
}

@Article{cooman2003a,
  author  = {{d}e Cooman, Gert},
  title   = {Belief models: an order-theoretic investigation},
  journal = {Annals of Mathematics and Artificial Intelligence},
  year    = {2005},
  volume  = {45},
  pages   = {5--34},
  doi     = {10.1007/s10472-005-9006-x},
}

@Article{cooman2005,
  author  = {{d}e Cooman, Gert},
  title   = {Further thoughts on possibilistic previsions: a rejoinder},
  journal = {Fuzzy Sets and Systems},
  year    = {2005},
  volume  = {154},
  pages   = {375--385},
  doi     = {10.1016/j.fss.2005.02.008},
}

@Article{cooman2000,
  author  = {{d}e Cooman, Gert},
  title   = {Precision--imprecision equivalence in a broad class of imprecise hierarchical uncertainty models},
  journal = {Journal of Statistical Planning and Inference},
  year    = {2002},
  volume  = {105},
  pages   = {175--198},
}

@Article{cooman2001,
  author  = {{d}e Cooman, Gert},
  title   = {Integration and conditioning in numerical possibility theory},
  journal = {Annals of Mathematics and Artificial Intelligence},
  year    = {2001},
  volume  = {32},
  pages   = {87--123},
  doi     = {10.1023/A:1016705331195},
}

@InCollection{cooman1998d,
  author    = {{d}e Cooman, Gert},
  title     = {Possibilistic previsions},
  booktitle = {Proceedings of IPMU '98},
  publisher = {\'Editions EDK},
  year      = {1998},
  volume    = {I},
  pages     = {2--9},
  address   = {Paris},
}

@Article{cooman1997,
  author  = {{d}e Cooman, Gert},
  title   = {Possibility theory {I}: the measure- and integral-theoretic groundwork},
  journal = {International Journal of General Systems},
  year    = {1997},
  volume  = {25},
  pages   = {291--323},
}

@Article{cooman1997a,
  author  = {{d}e Cooman, Gert},
  title   = {Possibility theory {II}: conditional possibility},
  journal = {International Journal of General Systems},
  year    = {1997},
  volume  = {25},
  pages   = {325--351},
}

@Article{cooman1997ab,
  author  = {{d}e Cooman, Gert},
  title   = {Possibility theory {I}--{III}},
  journal = {International Journal of General Systems},
  year    = {1997},
  volume  = {25},
  pages   = {291--371},
}

@Article{cooman1997b,
  author  = {{d}e Cooman, Gert},
  title   = {Possibility theory {III}: possibilistic independence},
  journal = {International Journal of General Systems},
  year    = {1997},
  volume  = {25},
  pages   = {353--371},
}

@Article{cooman1997c,
  author  = {{d}e Cooman, Gert},
  title   = {Confidence relations and ordinal information},
  journal = {Information Sciences},
  year    = {1997},
  volume  = {104},
  pages   = {241--278},
}

@InCollection{cooman1996,
  author    = {{d}e Cooman, Gert},
  title     = {Confidence relations and qualitative possibility},
  booktitle = {Proceedings of the Fourth European Congress on Intelligent Techniques and Soft Computing (EUFIT '96)},
  publisher = {ELITE},
  year      = {1996},
  pages     = {539--544},
  address   = {Aachen},
}

@PhdThesis{cooman1993a,
  author  = {{d}e Cooman, Gert},
  title   = {Evaluatieverzamelingen en -afbeeldingen -- Een ordetheorische benadering van vaagheid en onzekerheid [Evaluation Sets and Mappings---An Order-Theoretic Approach to Vagueness and Uncertainty]},
  school  = {Universiteit Gent},
  year    = {1993},
  address = {Ghent, Belgium},
  note    = {In Dutch},
}

@Article{cooman1991a,
  author  = {{d}e Cooman, Gert},
  title   = {Evaluation sets: an order-theoretic approach to fuzzy set theory},
  journal = {CC-AI},
  year    = {1991},
  volume  = {8},
  pages   = {81--101},
}

@TechReport{cooman1998c,
  author      = {{d}e Cooman, Gert},
  title       = {Notes on buying- and selling-price functions},
  institution = {Universiteit Gent},
  year        = {1988},
}

@Article{cooman1998a,
  author  = {{d}e Cooman, Gert and Aeyels, Dirk},
  title   = {A random set description of a possibility measure and its natural extension},
  journal = {IEEE Transactions on Systems, Man and Cybernetics---Part A: Systems and Humans},
  year    = {2000},
  volume  = {30},
  pages   = {124--130},
}

@Article{cooman1998,
  author  = {{d}e Cooman, Gert and Aeyels, Dirk},
  title   = {Supremum preserving upper probabilities},
  journal = {Information Sciences},
  year    = {1999},
  volume  = {118},
  pages   = {173--212},
}

@InProceedings{cooman1996d,
  author    = {{d}e Cooman, Gert and Aeyels, Dirk},
  title     = {On the coherence of supremum preserving upper previsions},
  booktitle = {Proceedings of IPMU '96 (Sixth International Conference on Information Processing and Management of Uncertainty in Knowledge-Based Systems, Granada, Spain, 1--5 July 1996)},
  year      = {1996},
  pages     = {1405--1410},
}

@InCollection{cooman1994e,
  author    = {{d}e Cooman, Gert and Cappelle, Bart},
  title     = {A possibilistic uncertainty model in classical reliability theory},
  booktitle = {Fuzzy Logic and Intelligent Technologies in Nuclear Science (Proceedings of the First International FLINS Workshop, Mol, Belgium, September 14--16, 1994)},
  year      = {September 14--16, 1994},
  pages     = {19--25},
  address   = {Mol, Belgium},
}

@InCollection{cooman1996a,
  author    = {{d}e Cooman, Gert and De Baets, Bernard},
  title     = {Implicator and coimplicator integrals},
  booktitle = {Proceedings of IPMU '96},
  year      = {1996},
  volume    = {III},
  pages     = {1433--1438},
}

@InCollection{cooman2007b,
  author    = {{d}e Cooman, Gert and Hermans, Filip},
  title     = {On coherent immediate prediction: Connecting two theories of imprecise probability},
  booktitle = {ISIPTA '07 -- Proceedings of the Fifth International Symposium on Imprecise Probability: Theories and Applications},
  publisher = {SIPTA},
  year      = {2007},
  editor    = {{d}e Cooman, G. and Vejnarova, J. and Zaffalon, M.},
  pages     = {107--116},
}

@Article{cooman2007d,
  author    = {{d}e Cooman, Gert and Hermans, Filip},
  title     = {Imprecise probability trees: Bridging two theories of imprecise probability},
  journal   = {Artificial Intelligence},
  year      = {2008},
  volume    = {172},
  number    = {11},
  pages     = {1400--1427},
  doi       = {10.1016/j.artint.2008.03.001},
  owner     = {gert},
  timestamp = {2007.06.29},
}

@InProceedings{cooman2009a,
  author       = {{d}e Cooman, Gert and Hermans, Filip and Antonucci, Alessandro and Zaffalon, Marco},
  title        = {Epistemic irrelevance in credal networks: the case of imprecise {M}arkov trees},
  booktitle    = {ISIPTA '09 -- Proceedings of the Sixth International Symposium on Imprecise Probability: Theories and Applications},
  year         = {2009},
  editor       = {Augustin, Thomas and Coolen, Frank P. A. and Moral, Seraf\'{\i}n and Troffaes, Matthias C. M.},
  pages        = {149--158},
  address      = {Durham, United Kingdom},
  organization = {SIPTA},
  publisher    = {SIPTA},
  url          = {http://www.sipta.org/isipta09/proceedings/053.html},
}

@Article{cooman2009,
  author  = {{d}e Cooman, Gert and Hermans, Filip and Antonucci, Alessandro and Zaffalon, Marco},
  title   = {Epistemic irrelevance in credal nets: the case of imprecise {M}arkov trees},
  journal = {International Journal of Approximate Reasoning},
  year    = {2010},
  volume  = {51},
  pages   = {1029--1052},
  doi     = {10.1016/j.ijar.2010.08.011},
}

@Article{cooman2008,
  author  = {{d}e Cooman, Gert and Hermans, Filip and Quaeghebeur, Erik},
  title   = {Imprecise {M}arkov chains and their limit behaviour},
  journal = {Probability in the Engineering and Informational Sciences},
  year    = {2009},
  volume  = {23},
  number  = {4},
  pages   = {597--635},
  month   = {January},
  note    = {arXiv:0801.0980},
  doi     = {10.1017/S0269964809990039},
}

@InProceedings{cooman1993c,
  author    = {{d}e Cooman, Gert and Kerre, Etienne E.},
  title     = {A new approach to possibilistic independence},
  booktitle = {Proceedings of Third IEEE Conference on Fuzzy Systems (FUZZ-IEEE'94, IEEE World Congress on Computational Intelligence, Orlando, Florida, June 26--29, 1994)},
  volume    = {2},
  pages     = {1446--1451},
}

@Article{cooman1996c,
  author  = {{d}e Cooman, Gert and Kerre, Etienne E.},
  title   = {Possibility and necessity integrals},
  journal = {Fuzzy Sets and Systems},
  year    = {1996},
  volume  = {77},
  pages   = {207--227},
}

@Article{cooman1994,
  author  = {{d}e Cooman, Gert and Kerre, Etienne E.},
  title   = {Order norms on bounded partially ordered sets},
  journal = {Journal of Fuzzy Mathematics},
  year    = {1994},
  volume  = {2},
  pages   = {281--310},
}

@Article{cooman1993,
  author  = {{d}e Cooman, Gert and Kerre, Etienne E.},
  title   = {Ample fields},
  journal = {Simon Stevin},
  year    = {1993},
  volume  = {67},
  pages   = {235--244},
}

@Article{cooman1990,
  author  = {{d}e Cooman, Gert and Kerre, Etienne E. and Cappelle, Bart and Ruan, Da and Vanmassenhove, Fernand},
  title   = {On the extension of classical propositional logic by means of a triangular norm},
  journal = {International Journal of Intelligent Systems},
  year    = {1990},
  volume  = {5},
  pages   = {307--322},
}

@Article{cooman1992,
  author  = {{d}e Cooman, Gert and Kerre, Etienne E. and Vanmassenhove, Fernand},
  title   = {Possibility theory: an integral theoretic approach},
  journal = {Fuzzy Sets and Systems},
  year    = {1992},
  volume  = {46},
  pages   = {287--300},
}

@InCollection{cooman2006c,
  author    = {{d}e Cooman, Gert and Miranda, Enrique},
  title     = {The {F}.~{R}iesz {R}epresentation {T}heorem and finite additivity},
  booktitle = {Soft Methods for Handling Variability and Imprecision (Proceedings of SMPS 2008)},
  publisher = {Springer},
  year      = {2008},
  editor    = {Dubois, Didier and Lubiano, Mar\'{\i}a Asunci\'on and Prade, Henri and Gil, Mar\'{\i}a \'Angeles and Grzegorzewski, Przemys{\l}aw and Hryniewicz, Olgierd},
  pages     = {243--252},
  owner     = {gert},
  timestamp = {2006.10.26},
}

@InCollection{cooman2005c,
  author    = {{d}e Cooman, Gert and Miranda, Enrique},
  title     = {Symmetry of models versus models of symmetry},
  booktitle = {Probability and Inference: Essays in Honor of {Henry E.~Kyburg, Jr.}},
  publisher = {King's College Publications},
  year      = {2007},
  editor    = {Harper, William L. and Wheeler, Gregory R.},
  pages     = {67--149},
}

@Article{cooman2011b,
  author  = {{de} Cooman, Gert and Miranda, Enrique},
  title   = {Irrelevance and independence for sets of desirable gambles},
  journal = {Journal of Artificial Intelligence Research},
  year    = {2012},
  volume  = {45},
  pages   = {601--640},
}

@Article{cooman2006,
  author  = {{d}e Cooman, Gert and Miranda, Enrique},
  title   = {Forward irrelevance},
  journal = {Journal of Statistical Planning and Inference},
  year    = {2009},
  volume  = {139},
  pages   = {256--276},
  doi     = {10.1016/j.jspi.2008.01.012},
}

@Article{cooman2004a,
  author  = {{d}e Cooman, Gert and Miranda, Enrique},
  title   = {Weak and strong laws of large numbers for coherent lower previsions},
  journal = {Journal of Statistical Planning and Inference},
  year    = {2008},
  volume  = {138},
  number  = {8},
  pages   = {2409--2432},
  doi     = {10.1016/j.jspi.2007.10.020},
}

@InBook{cooman2004,
  chapter   = {A weak law of large numbers for coherent lower previsions},
  pages     = {451--458},
  title     = {Proceedings of the Tenth International Conference {IPMU} 2004 (Information Processing and Management of Uncertainty in Knowledge-Based Systems, 4--9 July 2004, Perugia, Italy)},
  publisher = {Editrice Universit\`a La Sapienza},
  year      = {2004},
  author    = {{d}e Cooman, Gert and Miranda, Enrique},
  volume    = {1},
  address   = {Rome, Italy},
}

@InCollection{cooman2007a,
  author    = {{d}e Cooman, Gert and Miranda, Enrique and Quaeghebeur, Erik},
  title     = {Immediate prediction under exchangeability and representation insensitivity},
  booktitle = {ISIPTA '07 -- Proceedings of the Fifth International Symposium on Imprecise Probability: Theories and Applications},
  publisher = {SIPTA},
  year      = {2007},
  editor    = {{d}e Cooman, G. and Vejnarova, J. and Zaffalon, M.},
  pages     = {97--106},
  address   = {Prague},
}

@Article{cooman2007c,
  author     = {{d}e Cooman, Gert and Miranda, Enrique and Quaeghebeur, Erik},
  title      = {Representation insensitivity in immediate prediction under exchangeability},
  journal    = {International Journal of Approximate Reasoning},
  year       = {2009},
  volume     = {50},
  number     = {2},
  pages      = {204--216},
  bdsk-url-1 = {http://dx.doi.org/10.1016/j.ijar.2008.03.010},
  doi        = {10.1016/j.ijar.2008.03.010},
  owner      = {gert},
  timestamp  = {2007.06.29},
}

@InCollection{cooman2010b,
  author    = {{d}e Cooman, Gert and Miranda, Enrique and Zaffalon, Marco},
  title     = {Independent natural extension},
  booktitle = {Computational Intelligence for Knowledge-Based Systems Design (Proceedings of IPMU 2010, 28 June -- 2 July 2010, Dortmund, Germany)},
  publisher = {Springer},
  year      = {2010},
  editor    = {H\"ullermeier, Eyke and Kruse, Rudolf and Hoffmann, Frank},
  volume    = {6178},
  series    = {Lecture Notes in Computer Science},
  pages     = {737--746},
  address   = {Heidelberg},
  owner     = {gert},
  timestamp = {2010.03.19},
}

@Article{cooman2011a,
  author  = {{d}e Cooman, Gert and Miranda, Enrique and Zaffalon, Marco},
  title   = {Independent natural extension},
  journal = {Artificial Intelligence},
  year    = {2011},
  volume  = {175},
  pages   = {1911--1950},
  doi     = {10.1016/j.artint.2011.06.001},
}

@InProceedings{cooman2009c,
  author       = {{d}e Cooman, Gert and Quaeghebeur, Erik},
  title        = {Exchangeability for sets of desirable gambles},
  booktitle    = {ISIPTA '09 -- Proceedings of the Sixth International Symposium on Imprecise Probability: Theories and Applications},
  year         = {2009},
  editor       = {Augustin, Thomas and Coolen, Frank P. A. and Moral, Seraf\'{\i}n and Troffaes, Matthias C. M.},
  pages        = {159--168},
  address      = {Durham, United Kingdom},
  organization = {SIPTA},
  publisher    = {SIPTA},
  url          = {http://www.sipta.org/isipta09/proceedings/059.html},
}

@InProceedings{cooman2010a,
  author    = {{d}e Cooman, Gert and Quaeghebeur, Erik},
  title     = {Infinite exchangeability for sets of desirable gambles},
  pages     = {10 pages},
  address   = {Dortmund, Germany},
  month     = {28 June -- 2 July 2010},
  note      = {accepted for IPMU 2010},
  owner     = {gert},
  timestamp = {2010.03.19},
}

@Article{cooman2010,
  author  = {{d}e Cooman, Gert and Quaeghebeur, Erik},
  title   = {Exchangeability and sets of desirable gambles},
  journal = {International Journal of Approximate Reasoning},
  year    = {2012},
  volume  = {53},
  number  = {3},
  pages   = {363--395},
  note    = {Special issue in honour of Henry E.~Kyburg, Jr.},
}

@Article{cooman2006d,
  author  = {de Cooman, Gert and Quaeghebeur, Erik and Miranda, Enrique},
  title   = {Exchangeable lower previsions},
  journal = {Bernoulli},
  year    = {2009},
  volume  = {15},
  number  = {3},
  pages   = {721--735},
  doi     = {10.3150/09-BEJ182},
  url     = {http://hdl.handle.net/1854/LU-498518},
}

@InProceedings{cooman2007e,
  author    = {de Cooman, Gert and Quaeghebeur, Erik and Miranda, Enrique},
  title     = {Representing and assessing exchangeable lower previsions},
  booktitle = {Bulletin of the International Statistical Institute 56th Session -- Proceedings},
  year      = {2007},
  number    = {1556},
  address   = {Lisboa},
  url       = {http://hdl.handle.net/1854/8320},
}

@InCollection{cooman2003,
  author    = {{d}e Cooman, Gert and Troffaes, Matthias C.~M.},
  title     = {Dynamical programming for deterministic discrete-time systems with uncertain gain},
  booktitle = {ISIPTA '03 -- Proceedings of the Third International Symposium on Imprecise Probabilities and Their Applications},
  publisher = {Carleton Scientific},
  year      = {2003},
  editor    = {Bernard, J.-M. and Seidenfeld, T. and Zaffalon, M.},
  pages     = {162--176},
}

@Article{cooman2005a,
  author  = {{d}e Cooman, Gert and Troffaes, Matthias C.~M.},
  title   = {Dynamic programming for deterministic discrete-time systems with uncertain gain},
  journal = {International Journal of Approximate Reasoning},
  year    = {2005},
  volume  = {39},
  pages   = {257--278},
  doi     = {10.1016/j.ijar.2004.10.004},
}

@Article{cooman2003c,
  author  = {{d}e Cooman, Gert and Troffaes, Matthias C.~M.},
  title   = {Coherent lower previsions in systems modelling: products and aggregation rules},
  journal = {Reliability Engineering and System Safety},
  year    = {2004},
  volume  = {85},
  pages   = {113--134},
  doi     = {10.1016/j.ress.2004.03.007},
}

@InCollection{cooman2005b,
  author    = {{d}e Cooman, Gert and Troffaes, Matthias C.~M. and Miranda, Enrique},
  title     = {$n$-{M}onotone lower previsions and lower integrals},
  booktitle = {ISIPTA 2005 -- Proceedings of the Fourth International Symposium on Imprecise Probabilities and Their Applications},
  publisher = {SIPTA},
  year      = {2005},
  editor    = {Cozman, F. G. and Nau, R. and Seidenfeld, T.},
  pages     = {145--154},
}

@Article{cooman2005e,
  author  = {{d}e Cooman, Gert and Troffaes, Matthias C.~M. and Miranda, Enrique},
  title   = {$n$-{M}onotone exact functionals},
  journal = {Journal of Mathematical Analysis and Applications},
  year    = {2008},
  volume  = {347},
  pages   = {143--156},
}

@Article{cooman2006b,
  author  = {{d}e Cooman, Gert and Troffaes, Matthias C.~M. and Miranda, Enrique},
  title   = {A unifying approach to integration for bounded positive charges},
  journal = {Journal of Mathematical Analysis and Applications},
  year    = {2008},
  volume  = {340},
  number  = {2},
  pages   = {982--999},
  doi     = {10.1016/j.jmaa.2007.09.026},
}

@Article{cooman2005d,
  author  = {{d}e Cooman, Gert and Troffaes, Matthias C.~M. and Miranda, Enrique},
  title   = {$n$-{M}onotone lower previsions},
  journal = {Journal of Intelligent and Fuzzy Systems},
  year    = {2005},
  volume  = {16},
  pages   = {253--263},
  url     = {http://search.ebscohost.com/login.aspx?direct=true&db=buh&AN=19251485&site=ehost-live},
}

@Article{cooman1999,
  author  = {{d}e Cooman, Gert and Walley, Peter},
  title   = {A possibilistic hierarchical model for behaviour under uncertainty},
  journal = {Theory and Decision},
  year    = {2002},
  volume  = {52},
  pages   = {327--374},
}

@InCollection{cooman2003b,
  author    = {{d}e Cooman, Gert and Zaffalon, Marco},
  title     = {Updating with incomplete observations},
  booktitle = {Uncertainty in Artificial Intelligence: Proceedings of the Nineteenth Conference (UAI-2003)},
  publisher = {Morgan Kaufmann Publishers},
  year      = {2003},
  editor    = {Meek, C. and Kj{\ae}rulff, U.},
  pages     = {142--150},
  address   = {San Francisco, CA},
}

@Article{cooman2004b,
  author  = {{d}e Cooman, Gert and Zaffalon, Marco},
  title   = {Updating beliefs with incomplete observations},
  journal = {Artificial Intelligence},
  year    = {2004},
  volume  = {159},
  number  = {1-2},
  pages   = {75--125},
  doi     = {10.1016/j.artini.2004.05.006},
}

@Article{corani2008,
  author    = {Corani, Giorgio and Zaffalon, Marco},
  title     = {Learning reliable classifiers from small or incomplete data sets: the Naive Credal Classifier 2},
  journal   = {Journal of Machine Learning Research},
  year      = {2008},
  volume    = {9},
  pages     = {581--621},
  address   = {Cambridge (MA), USA},
  issn      = {1533-7928},
  publisher = {MIT Press},
}

@InProceedings{couso2009isipta,
  author       = {Couso, In\'es and Moral, Seraf\'{\i}n},
  title        = {Sets of desirable gambles and credal sets},
  booktitle    = {ISIPTA '09: proceedings of the Sixth International Symposium on Imprecise Probabilities: Theories and Applications},
  year         = {2009},
  editor       = {Augustin, Thomas and Coolen, Frank P. A. and Moral, Seraf\'{\i}n and Troffaes, Matthias C. M.},
  pages        = {99--108},
  address      = {Durham, United Kingdom},
  organization = {SIPTA},
  publisher    = {SIPTA},
  url          = {http://www.sipta.org/isipta09/proceedings/063.html},
}

@Article{couso2011,
  author  = {Couso, In\'es and Moral, Seraf\'{\i}n},
  title   = {Sets of desirable gambles: conditioning, representation, and precise probabilities},
  journal = {International Journal of Approximate Reasoning},
  year    = {2011},
  volume  = {52},
  number  = {7},
  pages   = {1034--1055},
}

@Article{couso1999b,
  author  = {Couso, In\'es and Moral, Seraf\'{\i}n and Walley, Peter},
  title   = {A survey of concepts of independence for imprecise probabilities},
  journal = {Risk Decision and Policy},
  year    = {2000},
  volume  = {5},
  pages   = {165--181},
}

@InCollection{cozman2003,
  author    = {Cozman, Fabio G.},
  title     = {Computing lower expectations with {K}uznetsov's independence condition},
  booktitle = {ISIPTA '03 -- Proceedings of the Third International Symposium on Imprecise Probabilities and Their Applications},
  publisher = {Carleton Scientific},
  year      = {2003},
  editor    = {Bernard, J.-M. and Seidenfeld, T. and Zaffalon, M.},
  pages     = {117--186},
}

@InCollection{cozman2000a,
  author    = {Cozman, Fabio G.},
  title     = {Separation Properties of Sets of Probabilities},
  booktitle = {Uncertainty in Artificial Intelligence (Proceedings of the Sixteenth Conference)},
  publisher = {Morgan Kaufmann},
  year      = {2000},
  editor    = {Boutilier, C. and Goldszmidt, M.},
  pages     = {107--115},
  address   = {San Francisco},
}

@InCollection{cozman2001,
  author    = {Cozman, Fabio G.},
  title     = {Constructing sets of probability measures through {K}uznetsov's independence condition},
  booktitle = {ISIPTA '01 -- Proceedings of the Second International Symposium on Imprecise Probabilities and Their Applications},
  publisher = {Shaker Publishing},
  year      = {2000},
  editor    = {{de} Cooman, G. and Fine, T. L. and Seidenfeld, T.},
  pages     = {104--111},
  address   = {Maastricht},
}

@Article{cozman2012,
  author  = {Cozman, Fabio G.},
  title   = {Sets of probability distributions, independence, and convexity},
  journal = {Synthese},
  year    = {2012},
  volume  = {186},
  pages   = {177--200},
}

@Article{cozman2005,
  author  = {Cozman, Fabio G.},
  title   = {Graphical models for imprecise probabilities},
  journal = {International Journal of Approximate Reasoning},
  year    = {2005},
  volume  = {39},
  number  = {2-3},
  pages   = {167--184},
}

@Article{cozman2000,
  author  = {Cozman, Fabio G.},
  title   = {Credal networks},
  journal = {Artificial Intelligence},
  year    = {2000},
  volume  = {120},
  pages   = {199--233},
  file    = {Credal-networks.pdf:/Users/gert/PDFs/Credal-networks.pdf:PDF},
}

@Article{cozman2005b,
  author  = {Cozman, Fabio G. and Walley, Peter},
  title   = {Graphoid properties of epistemic irrelevance and independence},
  journal = {Annals of Mathematics and Artificial Intelligence},
  year    = {2005},
  volume  = {45},
  number  = {1--2},
  pages   = {173--195},
}

@Article{daniell1918,
  author    = {Daniell, P. J.},
  title     = {A general form of integral},
  journal   = {The Annals of Mathematics},
  year      = {1918},
  volume    = {19},
  pages     = {279--294},
  file      = {A_general_form_of_integral.pdf:/Users/gert/PDFs/A_general_form_of_integral.pdf:PDF},
  owner     = {gert},
  timestamp = {2006.03.01},
}

@Article{darboux1875,
  author  = {Darboux, G.},
  title   = {M{\'e}moire sur les fonctions discontinues},
  journal = {Annales Scientifiques de l'{\'E}cole Normale Sup{\'e}rieure ($2^\text{i\`eme}$ S{\'e}rie)},
  year    = {1875},
  volume  = {IV},
  pages   = {57--112},
}

@Book{darwiche2009,
  title     = {Modeling and Reasoning with Bayesian Networks},
  publisher = {Cambridge University Press},
  year      = {2009},
  author    = {Darwiche, Adnan},
  address   = {New York},
  owner     = {gert},
  timestamp = {2011.01.26},
}

@Article{darwiche1997,
  author  = {Darwiche, A. and Pearl, J.},
  title   = {On the logic of iterated belief revision},
  journal = {Artificial Intelligence},
  year    = {1997},
  volume  = {89},
  pages   = {1--29},
  file    = {On_the_logic_of_iterated_belief_revision.pdf:On_the_logic_of_iterated_belief_revision.pdf:PDF},
  owner   = {gert},
}

@Book{davey1990,
  title     = {Introduction to Lattices and Order},
  publisher = {Cambridge University Press},
  year      = {1990},
  author    = {Davey, B. A. and Priestley, H. A.},
  address   = {Cambridge},
}

@Article{dawid1985,
  author  = {Dawid, A.~P.},
  title   = {Probability, symmetry, and frequency},
  journal = {British Journal for the Philosophy of Science},
  year    = {1985},
  volume  = {36},
  number  = {2},
  pages   = {107--128},
}

@Article{dawid1984,
  author    = {Dawid, A.~Ph.},
  title     = {Statistical theory: The prequential approach},
  journal   = {Journal of the Royal Statistical Society, Series A},
  year      = {1984},
  volume    = {147},
  pages     = {278--292},
  owner     = {gert},
  timestamp = {2007.01.26},
}

@Article{dawid1999,
  author    = {Dawid, A.~Ph. and Vovk, Vladimir~G.},
  title     = {Prequential probability: principles and properties},
  journal   = {Bernoulli},
  year      = {1999},
  volume    = {5},
  pages     = {125--162},
  file      = {Prequential_probability.pdf:/Users/gert/PDFs/Prequential_probability.pdf:PDF},
  owner     = {gert},
  timestamp = {2007.01.18},
}

@Article{day1942,
  author  = {Day, M. M.},
  title   = {Ergodic theorems for {A}belian semi-groups},
  journal = {Transactions of the American Mathematical Society},
  year    = {1942},
  volume  = {51},
  pages   = {399-412},
  file    = {Ergodic-theorems_for_Abelian-semigroups.pdf:/Users/gert/PDFs/Ergodic-theorems_for_Abelian-semigroups.pdf:PDF},
}

@PhdThesis{baets1995,
  author  = {De Baets, B.},
  title   = {Oplossen van vaagrelationele vergelijkingen: een ordetheoretische benadering [Solving fuzzy relational equations; an order-theoretic approach]},
  school  = {Universiteit Gent},
  year    = {1995},
  address = {Ghent, Belgium},
  note    = {In Dutch},
}

@Article{baets1998,
  author  = {De Baets, Bernard and {d}e Cooman, Gert and Kerre, Etienne E.},
  title   = {The construction of possibility measures from samples on $\mathcal{T}$-semi-partitions},
  journal = {Information Sciences},
  year    = {1998},
  volume  = {106},
  pages   = {3--24},
}

@Article{De1998,
  author  = {De Baets, Bernard and {d}e Cooman, Gert and Kerre, Etienne E.},
  title   = {The construction of possibility measures from samples on T-semi-partitions},
  journal = {Inform Sciences},
  year    = {1998},
  volume  = {106},
  pages   = {3--24},
}

@Article{baets1994,
  author  = {De Baets, B. and Kerre, E. E.},
  title   = {A primer on solving fuzzy relational equations on the unit interval},
  journal = {International Journal of Uncertainty, Fuzziness and Knowledge-Based Systems},
  year    = {1994},
  volume  = {2},
  pages   = {205--225},
}

@InProceedings{baets1993,
  author    = {De Baets, B. and Kerre, E. E. and Nasuto, S.},
  title     = {Measuring fuzziness: an evaluation problem},
  booktitle = {Proceedings of the Second International Symposium on Uncertainty Modelling and Analysis (ISUMA~93)},
  year      = {April~25--28, 1993},
  address   = {Maryland},
}

@InProceedings{baets1996,
  author    = {De Baets, B. and Tsiporkova, E. and Mesiar, R.},
  title     = {The surprising possibilistic nature of the algebraic product},
  booktitle = {Proceedings of EUFIT '96},
  year      = {1996},
  editor    = {Zimmermann, H.-J.},
  volume    = {1},
  pages     = {549--553},
  address   = {Aachen},
  publisher = {ELITE},
}

@Article{baets1997,
  author  = {De Baets, B. and Tsiporkova, E. and Mesiar, R.},
  title   = {Conditioning in possibility theory with strict order norms},
  journal = {Fuzzy Sets and Systems},
  year    = {1999},
  note    = {To appear},
}

@InProceedings{debock2011,
  author    = {De Bock, Jasper and De Cooman, Gert},
  title     = {State Sequence Prediction in Imprecise Hidden {M}arkov Models},
  booktitle = {ISIPTA'11: Proceedings of the Seventh International Symposium on Imprecise Probability: Theories and Applications},
  year      = {2011},
  editor    = {Coolen, Frank and de Cooman, Gert and Fetz, Thomas and Oberguggenberger, Michael},
  pages     = {159--168},
  address   = {Innsbruck},
  publisher = {SIPTA},
}

@InProceedings{debreu1965,
  author    = {Debreu, G.},
  title     = {Integration of correspondences},
  booktitle = {Proceedings of the Fifth Berkeley Symposium of Mathematical Statistics and Probability},
  year      = {1965},
  pages     = {351--372},
  address   = {Berkeley},
}

@Book{dedekind1963,
  title     = {Continuity and Irrational Numbers},
  publisher = {Dover Publications},
  year      = {1963},
  author    = {Dedekind, R.},
  address   = {New York},
  note      = {English translation of `Stetigkeit und irrationale Zahlen'},
  booktitle = {Essays on the Theory of Numbers},
  pages     = {1--27},
}

@InCollection{delbaen2002,
  author    = {Delbaen, F.},
  title     = {Coherent risk measures on general probability spaces},
  booktitle = {Advances in Finance and Stochastics},
  publisher = {Delbaen, F},
  year      = {2002},
  editor    = {Sandmann, K. and Sch\"onbucher, P. J.},
  pages     = {1-- 37},
  address   = {Berlin},
  file      = {Coherent_risk_measures_on_general_spaces.pdf:Coherent_risk_measures_on_general_spaces.pdf:PDF},
  owner     = {gert},
}

@Article{dempster1967,
  author  = {Dempster, A. P.},
  title   = {Upper and lower probabilities induced by a multivalued mapping},
  journal = {Annals of Mathematical Statistics},
  year    = {1967},
  volume  = {38},
  pages   = {325--339},
}

@Article{dempster1968,
  author  = {Dempster, A. P.},
  title   = {Upper and lower probabilities generated by a random closed interval},
  journal = {Annals of Mathematical Statistics},
  year    = {1967},
  volume  = {39},
  pages   = {957--966},
}

@Book{denneberg1994,
  title     = {Non-Additive Measure and Integral},
  publisher = {Kluwer Academic},
  year      = {1994},
  author    = {Denneberg, D.},
  address   = {Dordrecht},
}

@InCollection{destercke2008b,
  author    = {Destercke, Sebastien and {d}e Cooman, Gert},
  title     = {Relating epistemic irrelevance to event trees},
  booktitle = {Soft Methods for Handling Variability and Imprecision},
  publisher = {Springer},
  year      = {2008},
  editor    = {Dubois, D. and Lubiano, M. and Prade, H. and Gil, M. and Grzegiorzewski, P. and Hryniewicz, O.},
  pages     = {66--73},
}

@MastersThesis{dhaenens2007,
  author = {Dhaenens, S.},
  title  = {Onderzoek van imprecieze {M}arkov-modellen},
  school = {Ghent University, Faculty of Engineering},
  year   = {2007},
  month  = {June},
  file   = {:Onderzoek_van_imprecieze_{M}arkovmodellen.pdf:PDF},
}

@Article{diaconis1980,
  author    = {Diaconis, P. and Freedman, D.},
  title     = {Finite exchangeable sequences},
  journal   = {The Annals of Probability},
  year      = {1980},
  volume    = {8},
  pages     = {745--764},
  file      = {Finite_exchangeable_sequences.pdf:/Users/gert/PDFs/Finite_exchangeable_sequences.pdf:PDF},
  owner     = {gert},
  timestamp = {2007.06.13},
}

@Article{diaconis1979,
  author    = {Diaconis, P. and Ylvisaker, D.},
  title     = {Conjugate priors for exponential families},
  journal   = {The Annals of Statistics},
  year      = {1979},
  volume    = {7},
  pages     = {269--281},
  file      = {Conjugate_priors_for_exponential_families.pdf:/Users/gert/PDFs/Conjugate_priors_for_exponential_families.pdf:PDF},
  owner     = {gert},
  timestamp = {2005.11.16},
}

@InCollection{dickey1980,
  author    = {Dickey, J. M.},
  title     = {Beliefs about beliefs, a theory for stochastic assessments of subjective probabilities},
  booktitle = {Bayesian Statistics},
  publisher = {Valencia University Press},
  year      = {1980},
  editor    = {Bernardo, J. M. and DeGroot, M. H. and Lindley, D. V. and Smith, A. F. M.},
  volume    = {1},
  pages     = {471--487 and 504--519},
  address   = {Valencia},
  note      = {With discussion},
}

@Article{dienes1949,
  author  = {Dienes, Z. P.},
  title   = {On an implication function in many-valued systems of logic},
  journal = {The Journal of Symbolic Logic},
  year    = {1949},
  volume  = {14},
  pages   = {95--97},
}

@Book{doob1953,
  title     = {Stochastic Processes},
  publisher = {John Wiley \& Sons},
  year      = {1953},
  author    = {Doob, J. L.},
  address   = {New York},
}

@Article{dubins1975,
  author  = {Dubins, L. E.},
  title   = {Finitely additive conditional probabilities, conglomerability and disintegrations},
  journal = {The Annals of Probability},
  year    = {1975},
  volume  = {3},
  pages   = {88--99},
  file    = {Finitely_additive_conditional_probabilities_conglomerability_and_disintegrations.pdf:/Users/gert/PDFs/Finitely_additive_conditional_probabilities_conglomerability_and_disintegrations.pdf:PDF},
}

@Article{dubins1974,
  author  = {Dubins, L. E.},
  title   = {On {L}ebesgue-like extensions of finitely additive measures},
  journal = {The Annals of Probability},
  year    = {1974},
  volume  = {2},
  pages   = {456--463},
  file    = {On_Lebesgue_like_extensions_of_finitely_additive_measures.pdf:/Users/gert/PDFs/On_Lebesgue_like_extensions_of_finitely_additive_measures.pdf:PDF},
}

@Book{dubins1965,
  title     = {Inequalities for Stochastic Processes -- How to Gamble If You Must},
  publisher = {McGraw-Hill},
  year      = {1965},
  author    = {Dubins, L. E. and Savage, L. J.},
  address   = {New York},
  note      = {Reprinted by Dover Publications in 1976},
}

@Article{dubois1986,
  author  = {Dubois, D.},
  title   = {Belief structures, possibility theory and decomposable measures on finite sets},
  journal = {Computers and Artificial Intelligence},
  year    = {1986},
  volume  = {5},
  pages   = {403--416},
}

@InProceedings{dubois1994,
  author    = {Dubois, D. and Fari\~nas Del Cerro, L. and Herzig, A. and Prade, H.},
  title     = {An ordinal view of independence with application to plausible reasoning},
  booktitle = {Uncertainty in Artificial Intelligence (Proceedings of the Tenth Conference, University of Washington, Seattle, Washington, July 29--31, 1994)},
  pages     = {195--203},
}

@InCollection{dubois1994b,
  author    = {Dubois, D. and Lang, J. and Prade, H.},
  title     = {Possibilistic logic},
  booktitle = {Handbook of Logic in Artificial Intelligence and Logic Programming},
  publisher = {Oxford University Press},
  year      = {1994},
  editor    = {Gabbay, D. M. and Hogger, C. J. and Robinson, J. A.},
  volume    = {3},
  pages     = {439--513},
}

@TechReport{dubois1993a,
  author      = {Dubois, Didier and Moral, Seraf\'{\i}n and Prade, Henri},
  title       = {A semantics for possibility theory based on likelihoods},
  institution = {Institut de recherche en informatique de Toulouse},
  year        = {1993},
  number      = {IRIT/93-51-R},
}

@InCollection{dubois1993b,
  author    = {Dubois, D. and Prade, H.},
  title     = {Toll sets and toll logic},
  booktitle = {Fuzzy Logic: State of the Art},
  publisher = {Kluwer Academic},
  year      = {1993},
  editor    = {Lowen, R. and Roubens, M.},
  pages     = {169--177},
  address   = {Dordrecht},
}

@InCollection{dubois1990a,
  author    = {Dubois, D. and Prade, H.},
  title     = {Modelling uncertain and vague knowledge in possibility and evidence theories},
  booktitle = {Uncertainty in Artificial Intelligence},
  publisher = {North-Holland},
  year      = {1990},
  editor    = {Shachter, R. D. and Levitt, T. S. and Kanal, L. N. and Lemmer, J. F.},
  volume    = {4},
  address   = {Amsterdam},
}

@InCollection{dubois1998,
  author    = {Dubois, D. and Prade, H.},
  title     = {Possibility theory: qualitative and quantitative aspects},
  booktitle = {Handbook on Defeasible Reasoning and Uncertainty Management Systems},
  publisher = {Kluwer Academic Publishers},
  year      = {1998},
  editor    = {Smets, Ph.},
  volume    = {Volume 1: Quantified Representation of Uncertainty and Imprecision},
  pages     = {169--226},
  address   = {Dordrecht},
}

@InCollection{dubois1980,
  author    = {Dubois, D. and Prade, H.},
  title     = {New results about properties and semantics of fuzzy set-theoretic operators},
  booktitle = {Fuzzy Sets, Theory and Applications to Policy Analysis and Information Systems},
  publisher = {Plenum Press},
  year      = {1980},
  editor    = {Wang, P. P. and Chang, S. K.},
  pages     = {59--75},
  address   = {New York},
}

@Article{dubois1997,
  author  = {Dubois, D. and Prade, H.},
  title   = {The three semantics of fuzzy sets},
  journal = {Fuzzy Sets and Systems},
  year    = {1997},
  volume  = {90},
  pages   = {141--150},
}

@Article{dubois1994a,
  author  = {Dubois, D. and Prade, H.},
  title   = {Fuzzy sets---A convenient fiction for modelling vagueness and possibility},
  journal = {IEEE Transactions on Fuzzy Systems},
  year    = {1994},
  volume  = {2},
  pages   = {16--21},
}

@Article{dubois1994c,
  author  = {Dubois, D. and Prade, H.},
  title   = {A survey of belief revision and updating rules in various uncertainty models},
  journal = {International Journal of Intelligent Systems},
  year    = {1994},
  volume  = {9},
  pages   = {61-100},
  owner   = {gert},
}

@InProceedings{dubois1993,
  author    = {Dubois, D. and Prade, H.},
  title     = {Fuzzy sets and probability: misunderstandings, bridges and gaps},
  booktitle = {Proceedings of the Second IEEE Conference on Fuzzy Systems},
  year      = {1993},
  pages     = {1059--1068},
}

@Article{dubois1992,
  author  = {Dubois, D. and Prade, H.},
  title   = {When upper probabilities are possibility measures},
  journal = {Fuzzy Sets and Systems},
  year    = {1992},
  volume  = {49},
  pages   = {65--74},
}

@Article{dubois1990,
  author  = {Dubois, D. and Prade, H.},
  title   = {The logical view of conditioning and its application to possibility and evidence theories},
  journal = {International Journal of Approximate Reasoning},
  year    = {1990},
  volume  = {4},
  pages   = {23--46},
}

@Book{dubois1988,
  title     = {Possibility Theory},
  publisher = {Plenum Press},
  year      = {1988},
  author    = {Dubois, D. and Prade, H.},
  address   = {New York},
}

@Article{dubois1987,
  author  = {Dubois, D. and Prade, H.},
  title   = {The mean value of a fuzzy number},
  journal = {Fuzzy Sets and Systems},
  year    = {1987},
  volume  = {24},
  pages   = {279--300},
}

@Book{dubois1985,
  title     = {Th\'eorie des possibilit\'es},
  publisher = {Masson},
  year      = {1985},
  author    = {Dubois, D. and Prade, H.},
  address   = {Paris},
}

@Article{dubois1984,
  author  = {Dubois, D. and Prade, H.},
  title   = {Fuzzy logics and the generalized modus ponens revisited},
  journal = {Cybernetics and Systems},
  year    = {1984},
  volume  = {15},
  pages   = {293--331},
}

@Article{dubois1981,
  author  = {Dubois, D. and Prade, H.},
  title   = {Additions of interactive fuzzy numbers},
  journal = {IEEE Transactions on Automatic Control},
  year    = {1981},
  volume  = {26},
  pages   = {926--936},
}

@Book{dubois1980a,
  title     = {Fuzzy Sets and Systems. Theory and Applications},
  publisher = {Academic Press},
  year      = {1980},
  author    = {Dubois, D. and Prade, H.},
  address   = {New York},
}

@Article{dubois1996,
  author  = {Dubois, D. and Prade, H. and Smets, Ph.},
  title   = {Representing partial ignorance},
  journal = {IEEE Transactions on Systems, Man and Cybernetics},
  year    = {1996},
  volume  = {26},
  pages   = {361--377},
}

@Article{dummett1975,
  author  = {Dummett, M. A. E.},
  title   = {Wang's paradox},
  journal = {Synthese},
  year    = {1975},
  volume  = {30},
  pages   = {301--324},
}

@Book{dunford1957,
  title     = {Linear Operators},
  publisher = {Wiley Interscience},
  year      = {1957},
  author    = {Dunford, N. and Schwartz, J. T.},
  volume    = {I},
  address   = {New York},
}

@Article{dutta1985,
  author  = {Dutta, A.},
  title   = {Reasoning with imprecise knowledge in expert systems},
  journal = {Information Sciences},
  year    = {1985},
  volume  = {37},
  pages   = {3--24},
}

@Book{eco1984,
  title     = {Semiotics and the Philosophy of Language},
  publisher = {The MacMillan Press},
  year      = {1984},
  author    = {Eco, U.},
  address   = {London},
}

@Book{edwards1995,
  title     = {Functional Analysis: Theory and Applications},
  publisher = {Dover Publications},
  year      = {1995},
  author    = {Edwards, R. E.},
  address   = {New York},
  note      = {First published by Holt, Rinehart and Winston, New York, 1965},
}

@Book{eisenberg1971,
  title     = {Axiomatic Theory of Sets and Classes},
  publisher = {Holt, Rinehart and Winston},
  year      = {1971},
  author    = {Eisenberg, M.},
  address   = {New York},
}

@Article{ellis1844,
  author  = {Ellis, R. L.},
  title   = {On the foundations of the theory of probabilities},
  journal = {Transactions of the Cambridge Philosophical Society},
  year    = {1844},
  volume  = {8},
  pages   = {1--6},
  note    = {Reprinted in \cite{walton1863}},
  owner   = {gert},
}

@Article{ellsberg1961,
  author  = {Ellsberg, D.},
  title   = {Risk, ambiguity and the {S}avage axioms},
  journal = {Quarterly Journal of Economics},
  year    = {1961},
  volume  = {75},
  pages   = {643--669},
}

@Article{epstein2003,
  author  = {Epstein, L. G. and Schneider, M.},
  title   = {{IID}: independently and indistinguishably distributed},
  journal = {Journal of Economic Theory},
  year    = {2003},
  volume  = {113},
  pages   = {32--50},
  file    = {IID_independently_and_indistinguishably_distributed.pdf:/Users/gert/PDFs/IID_independently_and_indistinguishably_distributed.pdf:PDF},
}

@InCollection{fagin1991,
  author    = {Fagin, R. and Halpern, J. Y.},
  title     = {A new approach to updating beliefs},
  booktitle = {Uncertainty in Artificial Intelligence},
  publisher = {North-Holland},
  year      = {1991},
  editor    = {Bonissone, P. P. and Henrion, M. and Kanal, L. N. and Lemmer, J. F.},
  volume    = {6},
  pages     = {347--374},
  address   = {Amsterdam},
}

@Article{fagiuoli1998,
  author  = {Fagiuoli, Enrico and Zaffalon, Marco},
  title   = {2{U}: an exact interval propagation algorithm for polytrees with binary variables},
  journal = {Artificial Intelligence},
  year    = {1998},
  volume  = {106},
  pages   = {77--107},
}

@Book{feller1971a,
  title     = {An Introduction to Probability Theory and Its Applications},
  publisher = {John Wiley and Sons},
  year      = {1971},
  author    = {Feller, W.},
  volume    = {I},
  address   = {New York},
  owner     = {gert},
  timestamp = {2005.11.29},
}

@Book{feller1971b,
  title     = {An Introduction to Probability Theory and Its Applications},
  publisher = {John Wiley and Sons},
  year      = {1971},
  author    = {Feller, W.},
  volume    = {II},
  address   = {New York},
  owner     = {gert},
  timestamp = {2005.11.29},
}

@InCollection{ferreira2002,
  author    = {Ferreira da {R}ocha, J. C. and Cozman, Fabio G.},
  title     = {Inference with separately specified sets of probabilities in credal networks},
  booktitle = {Uncertainty in Artificial Intelligence (Proceedings of the Eighteenth Conference)},
  publisher = {Morgan Kaufmann},
  year      = {2002},
  editor    = {Darwiche, A. and Friedman, N.},
  pages     = {430--437},
}

@TechReport{ferson2003,
  author      = {Ferson, S. and Kreinovich, V. and Ginzburg, L. and Myers, D. S. and Sentz, K.},
  title       = {Constructing Probability Boxes and {D}empster-{S}hafer Structures},
  institution = {Sandia National Laboratories},
  year        = {2003},
  number      = {SAND2002--4015},
  month       = {January},
}

@Article{fine1975,
  author  = {Fine, K.},
  title   = {Vagueness, truth and logic},
  journal = {Synthese},
  year    = {1975},
  volume  = {30},
  pages   = {265--300},
}

@Book{fine1972,
  title     = {Theories of Probability: An Examination of Foundations},
  publisher = {Academic Press},
  year      = {1973},
  author    = {Fine, T. L.},
  address   = {New York},
}

@Book{finetti19745,
  title     = {Theory of Probability: A Critical Introductory Treatment},
  publisher = {John Wiley \& Sons},
  year      = {1974--1975},
  author    = {{d}e Finetti, Bruno},
  address   = {Chichester},
  note      = {{E}nglish translation of \cite{finetti1970}, two volumes},
}

@Book{finetti1975,
  title     = {Theory of Probability: A Critical Introductory Treatment},
  publisher = {John Wiley \& Sons},
  year      = {1975},
  author    = {{d}e Finetti, Bruno},
  volume    = {2},
  address   = {Chichester},
  note      = {{E}nglish translation of \cite{finetti1970}},
}

@Book{finetti1974,
  title     = {Theory of Probability: A Critical Introductory Treatment},
  publisher = {John Wiley \& Sons},
  year      = {1974},
  author    = {{d}e Finetti, Bruno},
  volume    = {1},
  address   = {Chichester},
  note      = {{E}nglish translation of \cite{finetti1970}},
}

@Book{finetti1972,
  title     = {Probability, Induction and Statistics},
  publisher = {Wiley},
  year      = {1972},
  author    = {{d}e Finetti, Bruno},
  address   = {London},
}

@Book{finetti1970,
  title     = {Teoria delle Probabilit\`a},
  publisher = {Einaudi},
  year      = {1970},
  author    = {{d}e Finetti, Bruno},
  address   = {Turin},
}

@Article{finetti1937,
  author  = {{d}e Finetti, Bruno},
  title   = {La pr\'evision: ses lois logiques, ses sources subjectives},
  journal = {Annales de l'Institut Henri Poincar\'e},
  year    = {1937},
  volume  = {7},
  pages   = {1--68},
  note    = {{E}nglish translation in \cite{kyburg1964}},
  file    = {La_prevision.pdf:/Users/gert/PDFs/La_prevision.pdf:PDF},
}

@Article{finetti1931,
  author  = {{d}e Finetti, Bruno},
  title   = {Sul significato soggettivo della probabilit{\`a}},
  journal = {Fundamenta Mathematicae},
  year    = {1931},
  volume  = {17},
  pages   = {298--329},
}

@Article{fishburn1975,
  author  = {Fishburn, Peter C.},
  title   = {A theory of subjective expected utility with vague preferences},
  journal = {Theory and Decision},
  year    = {1975},
  volume  = {6},
  pages   = {287--310},
}

@Article{freeling1980,
  author  = {Freeling, A. N. S.},
  title   = {Fuzzy sets and decision analysis},
  journal = {IEEE Transactions on Systems, Man and Cybernetics},
  year    = {1980},
  volume  = {10},
  pages   = {341--354},
}

@Book{fudenberg1998,
  title     = {The Theory of Learning in Games},
  publisher = {The MIT Press},
  year      = {1998},
  author    = {Fudenberg, D. and Levine, D. K.},
  address   = {Cambridge, MA},
}

@Article{fudenberg1993,
  author  = {Fudenberg, D. and Kreps. D. M.},
  title   = {Learning Mixed Equilibria},
  journal = {Games and Economic Behaviour},
  year    = {1993},
  volume  = {5},
  pages   = {320-367},
}

@Book{gardenfors1988,
  title     = {Knowledge in Flux -- Modeling the Dynamics of Epistemic States},
  publisher = {The MIT Press},
  year      = {1988},
  author    = {G\"ardenfors, Peter},
  address   = {Cambridge, MA},
}

@Book{gardenfors1988a,
  title     = {Decision, Probability, and Utility},
  publisher = {Cambridge University Press},
  year      = {1988},
  author    = {G\"ardenfors, P. and Sahlin, N.-E.},
  address   = {Cambridge},
}

@Article{gardenfors1983,
  author  = {G\"ardenfors, P. and Sahlin, N.-E.},
  title   = {Decision making with unreliable probabilities},
  journal = {British Journal of Mathematical \& Statistical Psychology},
  year    = {1983},
  volume  = {36},
  pages   = {240--251},
}

@Article{gardenfors1982,
  author  = {G\"ardenfors, P. and Sahlin, N.-E.},
  title   = {Unreliable probabilities, risk taking, and decision making},
  journal = {Synthese},
  year    = {1982},
  volume  = {53},
  pages   = {361--386},
}

@Article{gaines1976,
  author  = {Gaines, B. R.},
  title   = {Foundations of fuzzy reasoning},
  journal = {International Journal of Man-Machine Studies},
  year    = {1976},
  volume  = {8},
  pages   = {623--668},
}

@Article{gaubert2004,
  author  = {Gaubert, S. and Gunawardena, J.},
  title   = {The {P}erron--{F}robenius theorem for homogeneous, monotone functions},
  journal = {Transactions of the American Mathematical Society},
  year    = {2004},
  volume  = {356},
  pages   = {4931--4950},
}

@Book{gemignani1972,
  title     = {Elementary Topology},
  publisher = {Dover Publications},
  year      = {1972, reprint 1990},
  author    = {Gemignani, M. C.},
  address   = {New York},
}

@Article{genest1986,
  author  = {Genest, Ch. and Zidek, J. V.},
  title   = {Combining probability distributions: a critique and an annotated bibliography},
  journal = {Statistical Science},
  year    = {1986},
  volume  = {1},
  pages   = {114--148},
  note    = {With discussion},
}

@Article{gentilhomme1968,
  author  = {Gentilhomme, Y.},
  title   = {Les ensembles flous en linguistique},
  journal = {Cahiers de linguistique th\'eorique et appliqu\'ee (Editions de l'Acad\'emie de la R\'epublique Socialiste de Roumanie)},
  year    = {1968},
  pages   = {47--65},
}

@Book{gierz1980,
  title     = {A compendium of Continuous Lattices},
  publisher = {Springer-Verlag},
  year      = {1980},
  author    = {Gierz, G. and Hofmann, K.H. and Keimel, K. and Lawson, J.D. and Mislove, M. and Scott, D.S.},
  address   = {New York},
}

@Article{gilbert2002,
  author  = {Gilbert, Leen and {d}e Cooman, Gert and Kerre, Etienne E.},
  title   = {Practical implementation of possibilistic probability mass functions},
  journal = {Soft Computing},
  year    = {2003},
  volume  = {7},
  pages   = {304--309},
  doi     = {10.1007/s00500-002-0217-3},
}

@InCollection{gilboa1992,
  author    = {Gilboa, I. and Schmeidler, D.},
  title     = {Updating ambiguous beliefs},
  booktitle = {Theoretical Aspects of Reasoning About Knowledge},
  publisher = {Morgan and Kaufmann},
  year      = {1992},
  editor    = {Moses, Y.},
  pages     = {143--162},
  address   = {San Mateo, CA},
}

@Article{gilboa1989,
  author  = {Gilboa, I. and Schmeidler, D.},
  title   = {Maxmin expected utility with a non-unique prior},
  journal = {Journal of Mathematical Economics},
  year    = {1989},
  volume  = {18},
  pages   = {141--153},
}

@InCollection{giles1982,
  author    = {Giles, R.},
  title     = {Foundations for a theory of possibility},
  booktitle = {Fuzzy Information and Decision Processes},
  publisher = {North-Holland},
  year      = {1982},
  editor    = {Gupta, M. M. and Sanchez, E.},
  pages     = {183--195},
  address   = {Amsterdam},
}

@Article{giles1988,
  author  = {Giles, R.},
  title   = {The concept of grade of membership},
  journal = {Fuzzy Sets and Systems},
  year    = {1988},
  volume  = {25},
  pages   = {297--323},
}

@InCollection{gill1997,
  author    = {Gill, R. and {V}an {d}er {L}aan, M. and Robins, J.},
  title     = {Coarsening at random: characterisations, conjectures and counter-examples},
  booktitle = {Proceedings of the first Seattle Conference on Biostatistics},
  publisher = {Springer},
  year      = {1997},
  editor    = {Lin, D.-Y.},
  pages     = {255--294},
}

@InCollection{giron1980,
  author    = {Giron, Francisco J. and Rios, Sixto},
  title     = {Quasi-{B}ayesian behaviour: A more realistic approach to decision making?},
  booktitle = {Bayesian Statistics},
  publisher = {Valencia University Press},
  year      = {1980},
  editor    = {Bernardo, J. M. and DeGroot, M. H. and Lindley, D. V. and Smith, A. F. M.},
  pages     = {17--38},
  address   = {Valencia},
}

@Book{gnedenko1975,
  title     = {The Theory of Probability},
  publisher = {MIR Publishers},
  year      = {1975},
  author    = {Gnedenko, B. V.},
  address   = {Moscow},
}

@Article{goguen1967,
  author  = {Goguen, J. A.},
  title   = {{$L$}-Fuzzy Sets},
  journal = {Journal of Mathematical Analysis and Applications},
  year    = {1967},
  volume  = {18},
  pages   = {145--174},
}

@Book{goldblatt1979,
  title     = {Topoi, The Categorial Analysis of Logic},
  publisher = {North Holland},
  year      = {1979},
  author    = {Goldblatt, R.},
  address   = {Amsterdam},
}

@InCollection{goldstein1985,
  author    = {Goldstein, M.},
  title     = {Temporal coherence},
  booktitle = {Bayesian Statistics},
  publisher = {North-Holland},
  year      = {1985},
  editor    = {Bernardo, J. M. and DeGroot, M. H. and Lindley, D. V. and Smith, A. F. M.},
  volume    = {2},
  pages     = {231--248},
  address   = {Amsterdam},
  note      = {With discussion},
}

@Article{goldstein1983,
  author  = {Goldstein, M.},
  title   = {The prevision of a prevision},
  journal = {Journal of the American Statistical Society},
  year    = {1983},
  volume  = {87},
  pages   = {817--819},
  file    = {The_prevision_of_a_prevision.pdf:/Users/gert/PDFs/The_prevision_of_a_prevision.pdf:PDF},
}

@Book{goldstein2007,
  title     = {Bayes Linear Statistics: Theory and Methods},
  publisher = {Wiley},
  year      = {2007},
  author    = {Goldstein, Michael and Wooff, David},
  series    = {Wiley Series in Probability and Statistics},
  address   = {Chichester},
  owner     = {gert},
  timestamp = {2010.03.16},
}

@InCollection{good1980,
  author    = {Good, I. J.},
  title     = {Some history of the hierarchical {B}ayesian methodology},
  booktitle = {Bayesian Statistics},
  publisher = {Valencia University Press},
  year      = {1980},
  editor    = {Bernardo, J. M. and DeGroot, M. H. and Lindley, D. V. and Smith, A. F. M.},
  volume    = {1},
  pages     = {489--519},
  address   = {Valencia},
}

@InCollection{good1962,
  author    = {Good, I. J.},
  title     = {Subjective probability as the measure of a non-measurable set},
  booktitle = {Logic, Methodology and Philosophy of Science},
  publisher = {Stanford University Press},
  year      = {1962},
  editor    = {Nagel, E. and Suppes, P. and Tarski, A.},
  pages     = {319--329},
  address   = {Stanford},
}

@Book{good1983,
  title     = {Good Thinking},
  publisher = {University of Minnesota Press},
  year      = {1983},
  author    = {Good, I. J.},
  address   = {Minneapolis},
}

@InCollection{goodman1982,
  author    = {Goodman, I. R.},
  title     = {Fuzzy sets as equivalence classes of random sets},
  booktitle = {Fuzzy Sets and Possibility Theory},
  publisher = {Pergamon Press},
  year      = {1982},
  editor    = {Yager, R. R.},
  pages     = {327--342},
  address   = {Oxford},
}

@Article{goodman1984,
  author  = {Goodman, I. R.},
  title   = {Some new results concerning random sets and fuzzy sets},
  journal = {Information Sciences},
  year    = {1984},
  volume  = {34},
  pages   = {93--113},
}

@Book{goodman1991,
  title     = {Conditional inference and logic for intelligent systems},
  publisher = {North-Holland},
  year      = {1991},
  author    = {Goodman, I. R. and Nguyen, H. T. and Walker, E. A.},
  address   = {Amsterdam},
}

@Book{graetzer1978,
  title     = {General Lattice Theory},
  publisher = {Birkh\"auser Verlag},
  year      = {1978},
  author    = {Gr\"atzer, G.},
  address   = {Basel and Stuttgart},
}

@InCollection{gruenwald2002,
  author    = {Gr\"unwald, P. and Halpern, J.},
  title     = {Updating probabilities},
  booktitle = {Proceedings of the 18th Conference on Uncertainty in Artificial Intelligence ({UAI}-2002)},
  publisher = {Morgan Kaufmann},
  year      = {2002},
  editor    = {Darwiche, A. and Friedman, N.},
  pages     = {187--196},
  note      = {An expanded version is \cite{gruenwald2003}},
}

@Article{gruenwald2003,
  author  = {Gr\"unwald, P. D. and Halpern, J. Y.},
  title   = {Updating probabilities},
  journal = {Journal of Artificial Intelligence Research},
  year    = {2003},
  pages   = {243--278},
}

@Article{grabisch1992,
  author  = {Grabisch, M. and Murofushi, T. and Sugeno, M.},
  title   = {Fuzzy measure of fuzzy events defined by fuzzy integrals},
  journal = {Fuzzy Sets and Systems},
  year    = {1992},
  volume  = {50},
  pages   = {293--313},
}

@Book{grabisch1995,
  title     = {Fundamentals of Uncertainty Calculi with Applications to Fuzzy Inference},
  publisher = {Kluwer Academic Publishers},
  year      = {1995},
  author    = {Grabisch, M. and Nguyen, H. T. and Walker, E. A.},
  address   = {Dordrecht},
}

@Book{greenleaf1969,
  title     = {Invariant Means on Topological Groups and Their Applications},
  publisher = {Van Nostrand},
  year      = {1969},
  author    = {Greenleaf, F. P.},
  address   = {New York},
  owner     = {gert},
  timestamp = {2012.01.19},
}

@Article{grove1988,
  author  = {Grove, A. J.},
  title   = {Two modellings for theory change},
  journal = {Journal of Philosophical Logic},
  year    = {1988},
  pages   = {157--170},
}

@InCollection{hoehle1982,
  author    = {H\"ohle, U.},
  title     = {A mathematical theory of uncertainty},
  booktitle = {Fuzzy Set and Possibility Theory: Recent Developments},
  publisher = {Pergamon Press},
  year      = {1982},
  editor    = {Jager, R. R.},
  pages     = {344--355},
  address   = {New York},
}

@Book{hacking1990,
  title     = {The Taming of Chance},
  publisher = {Cambridge University Press},
  year      = {1990},
  author    = {Hacking, I.},
  address   = {Cambridge},
}

@Article{haldane1945,
  author  = {Haldane, John B. S.},
  title   = {On a method of estimating frequencies},
  journal = {Biometrika},
  year    = {1945},
  volume  = {33},
  pages   = {222--225},
}

@Article{haldane1948,
  author    = {Haldane, John B. S.},
  title     = {The precision of observed values of small frequencies},
  journal   = {Biometrika},
  year      = {1948},
  volume    = {35},
  pages     = {297--300},
  file      = {The_precision_of_observed_values_of_small_frequencies.pdf:/Users/gert/PDFs/The_precision_of_observed_values_of_small_frequencies.pdf:PDF},
  owner     = {gert},
  timestamp = {2006.08.03},
}

@InCollection{halliwell2002,
  author    = {Halliwell, J. and Shen, Q.},
  title     = {Towards a linguistic probability theory},
  booktitle = {Proceedings of the 11th International Conference on Fuzzy Systems},
  year      = {2002},
  pages     = {596--601},
}

@Book{halmos1974,
  title     = {Measure Theory},
  publisher = {Springer-Verlag},
  year      = {1974},
  author    = {Halmos, P. R.},
  address   = {Berlin},
}

@InCollection{halpern1998,
  author    = {Halpern, J. Y.},
  title     = {A logical approach to reasoning about uncertainty: a tutorial},
  booktitle = {Discourse, Interaction, and Communication},
  publisher = {Kluwer},
  year      = {1998},
  editor    = {Arrazola, X. and Korta, K. and Pelletier, F. J.},
  pages     = {141--155},
}

@Article{halpern1993,
  author  = {Halpern, J. Y. and Tuttle, M.},
  title   = {Knowledge, probability, and adversaries},
  journal = {Journal of the ACM},
  year    = {1993},
  volume  = {40},
  number  = {4},
  pages   = {917--962},
}

@Article{harmanec2002,
  author  = {Harmanec, D.},
  title   = {Generalizing {M}arkov decision processes to imprecise probabilities},
  journal = {Journal of Statistical Planning and Inference},
  year    = {2002},
  volume  = {105},
  pages   = {199--213},
}

@Book{hartfiel1998,
  title     = {{{M}arkov} Set-Chains},
  publisher = {Springer},
  year      = {1998},
  author    = {Hartfiel, Darald J.},
  number    = {1695},
  series    = {Lecture Notes in Mathematics},
  address   = {Berlin},
  owner     = {gert},
  timestamp = {2008.10.22},
}

@Article{hartfiel1991,
  author    = {Hartfiel, Darald J.},
  title     = {Sequential limits in {M}arkov set-chains},
  journal   = {Journal of Applied Probability},
  year      = {1991},
  volume    = {28},
  number    = {4},
  pages     = {910--913},
  keywords  = {weakly ergodic, convergence in the {H}ausdorff metric, nonhomogeneous {M}arkov chains, products of stochastic matrix sets},
  owner     = {gert},
  timestamp = {2008.10.22},
}

@Article{hartfiel1994,
  author    = {Hartfiel, D.~ J. and Seneta, E.},
  title     = {On the theory of {M}arkov set-chains},
  journal   = {Advances in Applied Probability},
  year      = {1994},
  volume    = {26},
  pages     = {947--964},
  owner     = {gert},
  timestamp = {2008.11.19},
}

@Article{hausdorff1921a,
  author  = {Hausdorff, F.},
  title   = {{S}ummationmethoden und {M}omentfolgen {I}},
  journal = {Mathematische Zeitschrift},
  year    = {1921},
  volume  = {9},
  pages   = {74--109},
  file    = {Summationmethoden_und_momentfolgen_I.pdf:/Users/gert/PDFs/Summationmethoden_und_momentfolgen_I.pdf:PDF},
}

@Article{hausdorff1921b,
  author  = {Hausdorff, F.},
  title   = {{S}ummationmethoden und {M}omentfolgen {II}},
  journal = {Mathematische Zeitschrift},
  year    = {1921},
  volume  = {9},
  pages   = {280--299},
  file    = {Summationmethoden_und_momentfolgen_II.pdf:/Users/gert/PDFs/Summationmethoden_und_momentfolgen_II.pdf:PDF},
}

@Article{heath1978,
  author  = {Heath, D. C. and Sudderth, W. D.},
  title   = {On finitely additive priors, coherence, and extended admissibility},
  journal = {The Annals of Statistics},
  year    = {1978},
  volume  = {6},
  pages   = {333--345},
  file    = {On_finitely_additive_priors.pdf:/Users/gert/PDFs/On_finitely_additive_priors.pdf:PDF},
  owner   = {gert},
}

@Article{heath1976,
  author  = {Heath, D. C. and Sudderth, W. D.},
  title   = {De {F}inetti's theorem on exchangeable variables},
  journal = {The American Statistician},
  year    = {1976},
  volume  = {30},
  pages   = {188--189},
  file    = {De_Finettis_theorem_on_exchangeable_variables.pdf:/Users/gert/PDFs/De_Finettis_theorem_on_exchangeable_variables.pdf:PDF},
  owner   = {gert},
}

@Article{heath1972,
  author  = {Heath, D. C. and Sudderth, W. D.},
  title   = {On a theorem of {D}e {F}inetti, oddsmaking, and game theory},
  journal = {The Annals of Mathematical Statistics},
  year    = {1972},
  volume  = {43},
  pages   = {2072--2077},
  file    = {On_a_theorem_of_de_Finetti.pdf:/Users/gert/PDFs/On_a_theorem_of_de_Finetti.pdf:PDF},
  owner   = {gert},
}

@Article{hempel1939,
  author  = {Hempel, C. G.},
  title   = {Vagueness and logic},
  journal = {Philosophy of Science},
  year    = {1939},
  volume  = {6},
  pages   = {163--180},
}

@PhdThesis{hermans2012:thesis,
  author    = {Hermans, Filip},
  title     = {An operational approach to graphical uncertainty modelling},
  school    = {Faculty of Engineering and Architecture},
  year      = {2012},
  owner     = {gert},
  timestamp = {2011.11.03},
}

@Article{hermans2012,
  author  = {Hermans, Filip and {d}e Cooman, Gert},
  title   = {Characterisation of ergodic upper transition operators},
  journal = {International Journal of Approximate Reasoning},
  year    = {2012},
  volume  = {53},
  number  = {4},
  pages   = {573--583},
  doi     = {10.1016/j.ijar.2011.12.008},
}

@Article{skulj2015:continuous:bounds,
  author  = {\v{S}kulj, Damjan},
  title   = {Efficient computation of the bounds of continuous time imprecise {M}arkov chains},
  journal = {Applied Mathematics and Computation},
  year    = {2015},
  volume  = {250},
  pages   = {165--180},
}

@Article{lopatatzidis2015:queueing:initial,
  author  = {Lopatatzidis, Stavros and De Bock, Jasper and de Cooman, Gert and De Vuyst, Stijn and Walraevens, Joris},
  title   = {Robust queueing theory: an initial study using imprecise probabilities},
  journal = {Queueing Systems},
  year    = {2015},
  volume  = {82},
  number  = {1-2},
  pages   = {75--101},
  month   = aug,
}

@InProceedings{hermans2010,
  author    = {Hermans, Filip and {d}e Cooman, Gert},
  title     = {Ergodicity conditions for upper transition operators},
  pages     = {10 pages},
  address   = {Dortmund, Germany},
  month     = {28 June -- 2 July 2010},
  note      = {accepted for IPMU 2010},
  owner     = {gert},
  timestamp = {2010.03.19},
}

@Article{herron1997,
  author  = {Herron, Timothy and Seidenfeld, Teddy and Wasserman, Larry},
  title   = {Divisive conditioning: further results on dilation},
  journal = {Philosophy of Science},
  year    = {1997},
  volume  = {64},
  pages   = {411--444},
}

@Article{hewitt1955,
  author    = {Hewitt, E. and Savage, L. J.},
  title     = {Symmetric Measures on {C}artesian Products},
  journal   = {Transactions of the American Mathematical Society},
  year      = {1955},
  volume    = {80},
  pages     = {470--501},
  file      = {Symmetric_measures_on_Cartesian_products.pdf:/Users/gert/PDFs/Symmetric_measures_on_Cartesian_products.pdf:PDF},
  owner     = {gert},
  timestamp = {2005.11.08},
}

@Article{higashi1982,
  author  = {Higashi, M. and Klir, G. J.},
  title   = {Measures of uncertainty and information bases on possibility distributions},
  journal = {International Journal of General Systems},
  year    = {1982},
  volume  = {9},
  pages   = {43--58},
}

@Book{hildebrandt1963,
  title     = {Introduction to the Theory of Integration},
  publisher = {Academic Press},
  year      = {1963},
  author    = {Hildebrandt, T. H.},
  volume    = {13},
  address   = {New York},
}

@Article{himmelberg1975,
  author  = {Himmelberg, C. J.},
  title   = {Measurable relations},
  journal = {Fundamenta Mathematicae},
  year    = {1975},
  volume  = {87},
  pages   = {53--72},
}

@Article{hisdal1994,
  author  = {Hisdal, E.},
  title   = {Interpretative versus descriptive fuzzy set theory},
  journal = {IEEE Transactions on Fuzzy Systems},
  year    = {1994},
  volume  = {2},
  pages   = {22--26},
}

@Article{hisdal1988,
  author  = {Hisdal, E.},
  title   = {Are grades of membership probabilities?},
  journal = {Fuzzy Sets and Systems},
  year    = {1988},
  volume  = {25},
  pages   = {325--348},
}

@Article{hisdal1978,
  author  = {Hisdal, E.},
  title   = {Conditional possibilities independence and noninteraction},
  journal = {Fuzzy Sets and Systems},
  year    = {1987},
  volume  = {1},
  pages   = {283--297},
}

@Article{hoeffding1963,
  author    = {Hoeffding, W.},
  title     = {Probability inequalities for sums of bounded random variables},
  journal   = {Journal of the Americal Statistical Association},
  year      = {1963},
  volume    = {58},
  pages     = {13--30},
  file      = {Probability_inequalities_for_sums_of_bounded_random_variables.pdf:/Users/gert/PDFs/Probability_inequalities_for_sums_of_bounded_random_variables.pdf:PDF},
  owner     = {gert},
  timestamp = {2006.12.18},
}

@Book{holmes1975,
  title     = {Geometric Functional Analysis and Its Applications},
  publisher = {Springer-Verlag},
  year      = {1975},
  author    = {Holmes, R. B.},
  address   = {New York},
}

@InCollection{houthakker1965,
  author    = {Houthakker, H. S.},
  title     = {The logic of preference and choice},
  booktitle = {Contributions to Logic and Methodology},
  publisher = {North Holland},
  year      = {1965},
  editor    = {Tymieniecka, A.},
  address   = {Amsterdam},
}

@Book{howie2002,
  title     = {Interpreting Probability: Controversies and Developments in the Early Twentieth Century},
  publisher = {Cambridge University Press},
  year      = {2002},
  author    = {Howie, D.},
  series    = {Cambridge Studies in Probability, Induction \& Decision Theory},
  address   = {Cambridge, UK},
  owner     = {gert},
}

@Book{huber1981,
  title     = {Robust Statistics},
  publisher = {John Wiley \& Sons},
  year      = {1981},
  author    = {Huber, P. J.},
  address   = {New York},
}

@Article{huber1965,
  author  = {Huber, P. J.},
  title   = {A robust version of the probability ratio test},
  journal = {Annals of Mathematical Statistics},
  year    = {1965},
  volume  = {36},
  pages   = {1753--1758},
}

@Article{huber1973,
  author  = {Huber, P. J. and Strassen, V.},
  title   = {Minimax tests and the {N}eyman--{P}earson lemma for capacities},
  journal = {The Annals of Statistics},
  year    = {1973},
  volume  = {1},
  pages   = {251--263},
}

@Article{huntley2011,
  author    = {Huntley, Nathan and Troffaes, Matthias C. M.},
  title     = {Normal form backward induction for decision trees with coherent lower previsions},
  journal   = {Annals of Operations Research},
  year      = {2010},
  note      = {Submitted for publication},
  owner     = {gert},
  timestamp = {2011.01.12},
}

@Book{huygens1888,
  title     = {{\OE}uvres compl\`etes de Christiaan Huygens},
  publisher = {Martinus Nijhoff},
  year      = {1888--1950},
  author    = {Huygens, Christiaan},
  address   = {Den Haag},
  note      = {Twenty-two volumes. Available in digitised form from the Biblioth\`eque nationale de France (\texttt{http://gallica.bnf.fr})},
  file      = {Oeuvres_completes.pdf:/Users/gert/PDFs/Oeuvres_completes.pdf:PDF},
  owner     = {gert},
  timestamp = {2007.02.13},
}

@Book{huygens16567,
  title     = {Van Rekeningh in Spelen van Geluck},
  year      = {1656--1657},
  author    = {Huygens, Christiaan},
  note      = {Reprinted in Volume XIV of \cite{huygens1888}},
  file      = {:Van_rekeningh_in_spelen_van_geluck.pdf:PDF},
  owner     = {gert},
  timestamp = {2007.02.13},
}

@Article{itoh2007,
  author  = {Itoh, H. and Nakamura, K.},
  title   = {Partially observable {M}arkov decision processes with imprecise parameters},
  journal = {Artificial Intelligence},
  year    = {2007},
  volume  = {171},
  pages   = {453--490},
}

@Book{jacobs1978,
  title     = {Measure and Integral},
  publisher = {Academic Press},
  year      = {1978},
  author    = {Jacobs, K.},
  address   = {New York},
}

@Article{jaffray1992,
  author  = {Jaffray, J.-Y.},
  title   = {Bayesian updating and belief functions},
  journal = {IEEE Transactions on Systems, Man and Cybernetics},
  year    = {1992},
  volume  = {22},
  pages   = {1144--1152},
}

@Article{janssen2000,
  author  = {Janssen, Hugo J. and {d}e Cooman, Gert and Kerre, Etienne E.},
  title   = {Coherence of {D}empster's conditioning rule in discrete possibilistic {M}arkov models},
  journal = {International Journal of Uncertainty, Fuzziness and Knowledge-Based Systems},
  year    = {2000},
  volume  = {8},
  pages   = {241--252},
}

@Book{jeffreys1998,
  title     = {Theory of Probability},
  publisher = {Oxford University Press},
  year      = {1998},
  author    = {Jeffreys, Harold},
  series    = {Oxford Classics series},
  note      = {Reprint of the third edition (1961), with corrections},
  owner     = {gert},
  timestamp = {2006.08.03},
}

@Book{ma1989,
  title     = {A Bibliography of Fuzzy Systems},
  publisher = {Xueyuan Press},
  year      = {1989},
  author    = {Ma Jiliang},
  address   = {Peking},
}

@Book{johnson1997,
  title     = {Discrete Multivariate Distributions},
  publisher = {John Wiley and Sons},
  year      = {1997},
  author    = {Johnson, Norman L. and Kotz, Samuel and Balakrishnan, Narayanaswamy},
  series    = {Wiley Series in Probability and Statistics},
  address   = {New York},
  owner     = {gert},
  timestamp = {2005.11.08},
}

@Book{johnson1924,
  title     = {Logic, Part III. The Logical Foundations of Science},
  publisher = {Cambridge University Press},
  year      = {1924},
  author    = {Johnson, William Ernest},
  note      = {Reprinted by {Dover Publications} in 1964},
  owner     = {gert},
  timestamp = {2006.08.03},
}

@PhdThesis{joslyn1994,
  author  = {Joslyn, C. A.},
  title   = {Possibilistic processes for complex systems modeling},
  school  = {State University of New York at Binghamton},
  year    = {1994},
  address = {Binghamton, NY},
}

@Article{kadane1995,
  author  = {Kadane, J. B. and O'Hagan, A.},
  title   = {Using finitely additive probability: uniform distributions on the natural numbers},
  journal = {Journal of the American Statistical Association},
  year    = {1995},
  volume  = {90},
  pages   = {636--631},
  file    = {Using_finitely_additive_probability.pdf:/Users/gert/PDFs/Using_finitely_additive_probability.pdf:PDF},
}

@Book{kallenberg2005,
  title     = {Probabilistic Symmetries and Invariance Principles},
  publisher = {Springer},
  year      = {2005},
  author    = {Kallenberg, Olav},
  address   = {New York},
  owner     = {gert},
  timestamp = {2006.03.01},
}

@Book{kallenberg2002,
  title     = {Foundations of Modern Probability},
  publisher = {Springer-Verlag},
  year      = {2002},
  author    = {Kallenberg, Olav},
  address   = {New York},
  edition   = {Second},
}

@InCollection{feriet1982,
  author    = {Kamp\'e de F\'eriet, J.},
  title     = {Interpretation of membership functions of fuzzy sets in terms of plausibility and belief},
  booktitle = {Fuzzy Information and Decision Processes},
  publisher = {North-Holland},
  year      = {1982},
  editor    = {Gupta, M. M. and Sanchez, E.},
  pages     = {93--98},
  address   = {Amsterdam},
}

@Article{karandikar1982,
  author  = {Karandikar, R. L.},
  title   = {A general principle for limit theorems in finitely additive probability},
  journal = {Transactions of the American Mathematical Society},
  year    = {1982},
  volume  = {273},
  number  = {2},
  pages   = {541--550},
  month   = {October},
  file    = {A_general_principle_for_limit_theorems_in_finitely_additive_probability.pdf:/Users/gert/PDFs/A_general_principle_for_limit_theorems_in_finitely_additive_probability.pdf:PDF},
  owner   = {gert},
}

@Book{kemeny1976,
  title     = {Finite {M}arkov Chains},
  publisher = {Springer-Verlag},
  year      = {1976},
  author    = {Kemeny, John G. and Snell, J.~Laurie},
  series    = {Undergraduate Text in Mathematics},
  address   = {New York},
  note      = {Reprint of the 1960 Edition.},
  owner     = {gert},
  timestamp = {2007.12.19},
}

@InCollection{kendall1974,
  author    = {Kendall, D. G.},
  title     = {Foundations of a theory of random sets},
  booktitle = {Stochastic Geometry},
  publisher = {Wiley},
  year      = {1974},
  editor    = {Harding, E. F. and Kendall, D. G.},
  pages     = {322--376},
  address   = {New York},
}

@InCollection{kern2002,
  author    = {Kern-Isberner, G.},
  title     = {The principle of conditional preservation in belief revision},
  booktitle = {Proceedings of the Second International Symposium on Foundations of Information and Knowledge Systems (FoIKS 2002)},
  publisher = {Springer},
  year      = {2002},
  series    = {Lecture Notes in Computer Science 2284},
  pages     = {105--129},
  owner     = {gert},
}

@InCollection{kerre1991,
  author    = {Kerre, E. E.},
  title     = {Basic principles of fuzzy set theory for the representation and manipulation of imprecision and uncertainty},
  booktitle = {Introduction to the Basic Principles of Fuzzy Set Theory and Some of Its Applications},
  publisher = {Communication \& Cognition},
  year      = {1991},
  editor    = {Kerre, E. E.},
  pages     = {1--158},
  address   = {Ghent},
}

@Booklet{kerre1988,
  title        = {Fuzzy Sets and Approximate Reasoning},
  author       = {Kerre, E. E.},
  howpublished = {Private edition},
  address      = {University of Nebraska, Lincoln},
  year         = {summer session 1988},
  note         = {Lecture notes for the course ``Special Topics in Computer Science''},
}

@Booklet{kerre1985,
  title        = {Vage verzamelingen met toepassingen in de informatica},
  author       = {Kerre, E. E.},
  howpublished = {Private edition},
  address      = {Universiteit Gent},
  year         = {1985},
}

@InCollection{kerre1988b,
  author    = {Kerre, E. E. and Van Schooten, A.},
  title     = {A deeper look on fuzzy numbers from a theoretical as well as from a practical point of view},
  booktitle = {Fuzzy Logic in Knowledge-Based Systems, Decision and Control},
  publisher = {Elsevier Science Publishers},
  year      = {1988},
  editor    = {Gupta, M. and Yamakawa, T.},
  pages     = {173--196},
}

@Book{keynes1921,
  title     = {A Treatise on Probability},
  publisher = {Macmillan},
  year      = {1921},
  author    = {Keynes, John Maynard},
  address   = {London},
  owner     = {gert},
}

@Article{khachian1979a,
  author  = {Khachian, L. G.},
  title   = {A polynomial algorithm for linear programming},
  journal = {Doklady Akedamii Nauk SSSR},
  year    = {1979},
  volume  = {244},
  pages   = {1093--1096},
  note    = {In Russian},
}

@Article{khachian1979b,
  author  = {Khachian, L. G.},
  title   = {A polynomial algorithm for linear programming},
  journal = {Soviet Mathematics Doklady},
  year    = {1979},
  volume  = {20},
  pages   = {191--194},
  note    = {English translation of \cite{khachian1979a}},
}

@Book{kickert1978,
  title     = {Fuzzy Theories on Decision-Making},
  publisher = {Nijhoff},
  year      = {1978},
  author    = {Kickert, W. J. M.},
  address   = {Leiden},
}

@Book{kleene1952,
  title     = {Introduction to Metamathematics},
  publisher = {Van Nostrand},
  year      = {1952},
  author    = {Kleene, S. C.},
  address   = {New York},
}

@Article{klement1991,
  author  = {Klement, E. P. and Weber, S.},
  title   = {Generalised measures},
  journal = {Fuzzy Sets and Systems},
  year    = {1991},
  volume  = {40},
  pages   = {375--394},
}

@Article{klir1994,
  author  = {Klir, G.},
  title   = {On the alleged superiority of probabilistic representation of uncertainty},
  journal = {IEEE Transactions on Fuzzy Systems},
  year    = {1994},
  volume  = {2},
  pages   = {27--31},
}

@InCollection{klir1997,
  author    = {Klir, G. J.},
  title     = {The role of constrained fuzzy arithmetic in engineering},
  booktitle = {Uncertainty Analysis in Engineering and the Sciences},
  publisher = {Kluwer},
  year      = {1997},
  editor    = {Ayyub, B. M.},
  address   = {Boston},
  note      = {In production},
}

@Article{klir1990,
  author  = {Klir, G. J.},
  title   = {A principle of uncertainty and information invariance},
  journal = {International Journal of General Systems},
  year    = {1990},
  volume  = {17},
  pages   = {249--275},
}

@Book{klir1988,
  title     = {Fuzzy Sets, Uncertainty and Information},
  publisher = {Prentice Hall},
  year      = {1988},
  author    = {Klir, G. J. and Folger, T. A.},
  address   = {Englewood Cliffs, New Jersey},
}

@Article{klir1992,
  author  = {Klir, G. J. and Parviz, B.},
  title   = {Probability-possibility transformations: a comparison},
  journal = {International Journal of General Systems},
  year    = {1992},
  volume  = {21},
  pages   = {291--310},
}

@Article{kloeden2000,
  author  = {Kloeden, P.~E. and Rubinov, A.~M.},
  title   = {A generalization of the {P}erron--{F}robenius theorem},
  journal = {Nonlinear Analysis},
  year    = {2000},
  volume  = {41},
  pages   = {97--115},
}

@Book{kolmogorov1992,
  title     = {Selected Works of A.~N.~Kolmogorov. Volume II: Probability Theory and Mathematical Statistics},
  publisher = {Kluwer},
  year      = {1992},
  author    = {Kolmogorov, A. N.},
  address   = {Dordrecht},
}

@Book{kolmogorov1950,
  title     = {Foundations of Probability},
  publisher = {Chelsea Publishing Co.},
  year      = {1950},
  author    = {Kolmogorov, A. N.},
  address   = {New York},
  note      = {English translation of \cite{kolmogorov1933}},
}

@Book{kolmogorov1933,
  title     = {Grundbegriffe der Wahrscheinlichkeitsrechnung},
  publisher = {Springer},
  year      = {1933},
  author    = {Kolmogorov, A. N.},
  address   = {Berlin},
}

@Article{kolmogorov1930,
  author  = {Kolmogorov, A. N.},
  title   = {Sur la loi forte des grands nombres},
  journal = {Comptes rendus hebdomadaires des s\'eances de l'Acad\'emie des Sciences},
  year    = {1930},
  volume  = {191},
  pages   = {910-912},
  note    = {Translated into English on pp.~60--61 of \cite{kolmogorov1992}},
}

@Article{koopman1940,
  author  = {Koopman, Bernard O.},
  title   = {{The Axioms and Algebra of Intuitive Probability}},
  journal = {The Annals of Mathematics, Second Series},
  year    = {1940},
  volume  = {41},
  number  = {2},
  pages   = {269--292},
}

@Article{koutras1996,
  author    = {Koutras, M.~V.},
  title     = {On a {M}arkov chain approach for the study of reliability structures},
  journal   = {Journal of Applied Probability},
  year      = {1996},
  volume    = {33},
  number    = {2},
  pages     = {357--367},
  keywords  = {{M}arkov embedding, {M}arkov chains, transition probability matrix, reliability generating function, consecutive systems},
  owner     = {gert},
  timestamp = {2008.10.22},
}

@Article{kraetschmer2003a,
  author  = {Kr\"atschmer, V.},
  title   = {When fuzzy measures are upper envelopes of probability measures},
  journal = {Fuzzy Sets and Systems},
  year    = {2003},
  volume  = {138},
  pages   = {455--468},
  file    = {When_fuzzy_measures_are_upper_envelopes_of_probability_measures.pdf:/Users/gert/PDFs/When_fuzzy_measures_are_upper_envelopes_of_probability_measures.pdf:PDF},
}

@Article{kraetschmer2003b,
  author  = {Kr\"atschmer, V.},
  title   = {Coherent lower previsions and Choquet integrals},
  journal = {Fuzzy Sets and Systems},
  year    = {2003},
  volume  = {138},
  pages   = {469--484},
}

@Book{krantz1971,
  title     = {Foundations of Measurement},
  publisher = {Academic Press},
  year      = {1971},
  author    = {Krantz, D. H. and Luce, R. D. and Suppes, P. and Tversky, A.},
  volume    = {I},
  address   = {New York},
}

@Book{kruse1994,
  title     = {Foundations of Fuzzy Systems},
  publisher = {John Wiley \& Sons},
  year      = {1994},
  author    = {Kruse, R. and Gebhardt, J. and Klawonn, F.},
  address   = {Chichester},
}

@Book{kruse1987,
  title     = {Statistics with Vague Data},
  publisher = {D.~Reidel Publishing Company},
  year      = {1987},
  author    = {Kruse, R. and Meyer, K. D.},
  address   = {Dordrecht},
}

@Article{krylov1937,
  author  = {Krylov, Nicolas and Bogolioubov, Nicolas},
  title   = {La th{\'e}orie g{\'e}n{\'e}rale de la mesure dans son application {\`a} l'{\'e}tude des syst{\`e}mes dynamiques de la m{\'e}canique non lin{\'e}aire},
  journal = {Annals of Mathematics (2)},
  year    = {1937},
  volume  = {38},
  number  = {1},
  pages   = {65--113},
}

@Article{kschischang2001,
  author  = {Kschischang, Frank R. and Frey, Brendan J. and Loeliger, Hans-Andrea},
  title   = {Factor graphs and the sum-product algorithm},
  journal = {IEEE Transactions on Information Theory},
  year    = {2001},
  volume  = {47},
  number  = {2},
  pages   = {498--519},
}

@Book{kuznetsov1991,
  title     = {Interval Statistical Methods},
  publisher = {Radio i Svyaz Publ.},
  year      = {1991},
  author    = {Kuznetsov, V. P.},
  note      = {(in Russian)},
}

@Article{kyburg1983,
  author  = {Kyburg Jr., Henry E.},
  title   = {Rational Belief},
  journal = {The behavioral and brain sciences},
  year    = {1983},
  volume  = {6},
  pages   = {231--273},
}

@Article{kyburg1988,
  author  = {Kyburg Jr., Henry E.},
  title   = {Higher order probabilities and intervals},
  journal = {International Journal of Approximate Reasoning},
  year    = {1988},
  volume  = {2},
  pages   = {195--209},
}

@Book{kyburg1974,
  title     = {The logical foundations of statistical inference},
  publisher = {D. Reidel Publishing Company},
  year      = {1974},
  author    = {Kyburg Jr., Henry E.},
  volume    = {65},
  series    = {Synthese Library},
  address   = {Dordrecht, Holland},
}

@Book{koenig1997,
  title     = {Measure and Integration: An Advanced Course in Basic Procedures and Applications},
  publisher = {Springer},
  year      = {1997},
  author    = {K{\"o}nig, Heinz},
  address   = {Berlin},
  owner     = {gert},
  timestamp = {2008.08.21},
}

@Book{laplace1986,
  title     = {Essai philosophique sur les probabilit\'es},
  publisher = {Christian Bourgois \'Editeur},
  year      = {1986},
  author    = {Laplace, Pierre-Simon},
  note      = {Reprinted from the fifth edition (1825)},
  owner     = {gert},
  timestamp = {2006.08.03},
}

@Book{laplace1951,
  title     = {Philosophical Essay on Probabilities},
  publisher = {Dover Publications},
  year      = {1951},
  author    = {Laplace, Pierre-Simon},
  note      = {{E}nglish translation of \cite{laplace1986}},
  owner     = {gert},
  timestamp = {2006.08.03},
}

@Article{laviolette1994,
  author  = {Laviolette, M. and Seaman {J}r., J. W.},
  title   = {The efficacy of fuzzy representations of uncertainty},
  journal = {IEEE Transactions on Fuzzy Systems},
  year    = {1994},
  volume  = {2},
  pages   = {4--45},
  note    = {With discussion},
}

@InCollection{leamer1986,
  author    = {Leamer, E. E.},
  title     = {Bid-ask spreads for subjective probabilities},
  booktitle = {Bayesian Inference and Decision Techniques},
  publisher = {North-Holland},
  year      = {1986},
  editor    = {Goel, P. K. and Zellner, A.},
  address   = {Amsterdam},
}

@Book{lebesgue1904,
  title     = {Le\c{c}ons sur l'int{\'e}gration et la recherche des fonctions primitive},
  publisher = {Gauthier-Villars},
  year      = {1904},
  author    = {Lebesgue, H.},
  address   = {Paris},
}

@InCollection{levi1980,
  author    = {Levi, Isaac},
  title     = {Potential surprise: its role in inference and decision making},
  booktitle = {Applications of Inductive Logic},
  publisher = {Clarendon Press},
  year      = {1980},
  editor    = {Cohen, L. J. and Hesse, M.},
  pages     = {1--27},
  address   = {Oxford},
}

@InCollection{levi1983,
  author    = {Levi, Isaac},
  title     = {Consonance, dissonance and evidentiary mechanisms},
  booktitle = {Evidentiary Value; Philosophical, Judicial and Psychological Aspects of a Theory},
  publisher = {Gleerups},
  year      = {1983},
  editor    = {G\"ardenfors, P. and Hansson, B. and Sahlin, N.-E.},
  pages     = {27--43},
  address   = {Lund},
}

@Book{levi1980a,
  title     = {The Enterprise of Knowledge},
  publisher = {MIT Press},
  year      = {1980},
  author    = {Levi, Isaac},
  address   = {London},
}

@Article{levi1979,
  author  = {Levi, Isaac},
  title   = {Support and surprise: {L. J. Cohen}'s view of inductive probability},
  journal = {British Journal for the Philosophy of Science},
  year    = {1979},
  volume  = {30},
  pages   = {279--292},
}

@Article{levi1966,
  author  = {Levi, Isaac},
  title   = {On potential surprise},
  journal = {Ratio},
  year    = {1966},
  volume  = {8},
  pages   = {107--129},
}

@Article{lewis1973a,
  author  = {Lewis, D. K.},
  title   = {Counterfactuals and comparative possibility},
  journal = {Journal of Philosophical Logic},
  year    = {1973},
  volume  = {2},
}

@Book{lewis1973b,
  title     = {Counterfactuals},
  publisher = {Harvard University Press},
  year      = {1973},
  author    = {Lewis, D. K.},
  address   = {Cambridge, MA},
}

@Article{lewis1970,
  author  = {Lewis, D. K.},
  title   = {General semantics},
  journal = {Synthese},
  year    = {1970},
  volume  = {22},
  pages   = {18--67},
}

@Article{lindley1987,
  author  = {Lindley, D. V.},
  title   = {The probability approach to the treatment of uncertainty in artificial intelligence and expert systems},
  journal = {Statistical Science},
  year    = {1987},
  volume  = {2},
  pages   = {3--44},
  note    = {With discussion},
}

@Article{lindley1982,
  author  = {Lindley, D. V.},
  title   = {Scoring rules and the inevitability of probability},
  journal = {International Statistical Review},
  year    = {1982},
  volume  = {50},
  pages   = {1--26},
  note    = {With discussion},
}

@Book{lipschutz1965,
  title     = {Theory and Problems of General Topology},
  publisher = {McGraw-Hill},
  year      = {1965},
  author    = {Lipschutz, S.},
  address   = {New York},
}

@Book{little1987,
  title     = {Statistical Analysis with Missing Data},
  publisher = {Wiley},
  year      = {1987},
  author    = {Little, R. J. A. and Rubin, D. B.},
  address   = {New York},
}

@Book{loeve1963,
  title     = {Probability Theory},
  publisher = {D. Van Nostrand},
  year      = {1963},
  author    = {Lo\`eve, M.},
  address   = {New York},
}

@Book{lorentz1986,
  title     = {Bernstein Polynomials},
  publisher = {Chelsea Publishing Company},
  year      = {1986},
  author    = {Lorentz, G.~G.},
  address   = {New York, NY},
  edition   = {Second},
  owner     = {gert},
  timestamp = {2007.03.15},
}

@Book{luenberger1979,
  title     = {Introduction to Dynamic Systems. Theory, Models \& Applications},
  publisher = {John Wiley \& Sons},
  year      = {1979},
  author    = {Luenberger, David~G.},
  address   = {New York},
  owner     = {gert},
  timestamp = {2007.12.19},
}

@PhdThesis{maass2003,
  author = {Maa\ss, S.},
  title  = {Exact functionals, functionals preserving linear inequalities, L\'evy's metric},
  school = {University of Bremen},
  year   = {2003},
  file   = {maassthesis.pdf:/Users/gert/PDFs/maassthesis.pdf:PDF},
}

@Article{maass2002,
  author    = {Maa\ss, S.},
  title     = {Exact functionals and their core},
  journal   = {Statistical Papers},
  year      = {2002},
  volume    = {43},
  pages     = {75--93},
  owner     = {gert},
  timestamp = {2005.10.24},
}

@Article{marinacci2005,
  author  = {Maccheroni, F. and Marinacci, M.},
  title   = {A strong law of large numbers for capacities},
  journal = {Annals of Probability},
  year    = {2005},
  volume  = {33},
  number  = {3},
  pages   = {1171--1178},
}

@InCollection{makinson1994,
  author    = {Makinson, D.},
  title     = {General patterns in non-monotonic reasoning},
  booktitle = {Handbook of Logic in Artificial Intelligence and Logic Programming},
  publisher = {Oxford University Press},
  year      = {1994},
  editor    = {Gabbay, D. M. and Hogger, C. H. and Robinson, J. A.},
  volume    = {3},
  pages     = {35--110},
  address   = {Oxford},
  owner     = {gert},
}

@Book{manski2003,
  title     = {Partial Identification of Probability Distributions},
  publisher = {Springer-Verlag},
  year      = {2003},
  author    = {Manski, C.},
  address   = {New York},
}

@Book{mares1994,
  title     = {Computation over Fuzzy Quantities},
  publisher = {CRC Press},
  year      = {1994},
  author    = {Mare\v{s}, M.},
  address   = {Boca Raton, FL},
}

@Article{marinacci2008,
  author  = {Marinacci, Massimo and Montrucchio, Luigi},
  title   = {On concavity and supermodularity},
  journal = {Journal of Mathematical Analysis and Applications},
  year    = {2008},
  volume  = {344},
  number  = {2},
  pages   = {642--654},
  doi     = {10.1016/j.jmaa.2008.03.009},
}

@Book{matheron1975,
  title     = {Random Sets and Integral Geometry},
  publisher = {John Wiley \& Sons},
  year      = {1975},
  author    = {Matheron, G.},
  address   = {New York},
}

@InCollection{mellor1980,
  author    = {Mellor, D. H.},
  title     = {Consciousness and degrees of belief},
  booktitle = {Prospects for Pragmatism},
  publisher = {Cambridge University Press},
  year      = {1980},
  editor    = {Mellor, D. H.},
  address   = {Cambridge},
}

@Book{mendelson1975,
  title     = {Introduction to Topology},
  publisher = {{Allyn and Bacon, Inc.}},
  year      = {1975},
  author    = {Mendelson, B.},
  address   = {Boston},
}

@Book{mendelson1970,
  title     = {Theory and Problems of Boolean Algebra and Switching Circuits},
  publisher = {McGraw-Hill},
  year      = {1970},
  author    = {Mendelson, E.},
  address   = {New York},
}

@Article{menger1942,
  author  = {Menger, M.},
  title   = {Statistical Metrics},
  journal = {Proc. Nat. Acad. Sci. U.S.A.},
  year    = {1942},
  volume  = {28},
  pages   = {535--537},
}

@InCollection{mesiar1995,
  author    = {Mesiar, R.},
  title     = {Possibility measures based integrals -- theory and applications},
  booktitle = {Foundations and Applications of Possibility Theory -- Proceedings of FAPT '95},
  publisher = {World Scientific},
  year      = {1995},
  editor    = {{d}e Cooman, Gert and Ruan, Da and Kerre, Etienne E.},
  pages     = {99--107},
  address   = {Singapore},
}

@Article{mesiar1995a,
  author  = {Mesiar, R.},
  title   = {Choquet-like integrals},
  journal = {Journal of Mathematical Analysis and Applications},
  year    = {1995},
  volume  = {194},
  number  = {2},
  pages   = {477--488},
}

@Article{mesiar1993,
  author  = {Mesiar, R. and \v{S}ipo\v{s}, J.},
  title   = {Radon-{N}ikodym-like theorem for fuzzy measures},
  journal = {Journal of Fuzzy Mathematics},
  year    = {1993},
  volume  = {1},
  pages   = {873--878},
}

@Article{metz2005,
  author  = {Metz, V.},
  title   = {Nonlinear {P}erron--{F}robenius theory in finite dimensions},
  journal = {Nonlinear Analysis},
  year    = {2005},
  volume  = {62},
  pages   = {225--244},
}

@Article{miranda2009a,
  author  = {Miranda, Enrique},
  title   = {Updating coherent lower previsions on finite spaces},
  journal = {Fuzzy Sets and Systems},
  year    = {2009},
  volume  = {160},
  number  = {9},
  pages   = {1286--1307},
  doi     = {10.1016/j.fss.2008.10.005},
}

@Article{miranda2008a,
  author  = {Miranda, Enrique},
  title   = {A survey of the theory of coherent lower previsions},
  journal = {International Journal of Approximate Reasoning},
  year    = {2008},
  volume  = {48},
  number  = {2},
  pages   = {628--658},
  doi     = {10.1016/j.ijar.2007.12.001},
}

@InCollection{miranda2001a,
  author    = {Miranda, Enrique and {d}e Cooman, Gert},
  title     = {Independent products of numerical possibility measures},
  booktitle = {ISIPTA '01 -- Proceedings of the Second International Symposium on Imprecise Probabilities and Their Applications},
  publisher = {Shaker Publishing},
  year      = {2000},
  editor    = {{de} Cooman, Gert and Fine, Terrence L. and Seidenfeld, Teddy},
  pages     = {237--246},
  address   = {Maastricht},
}

@Article{miranda2006b,
  author  = {Miranda, Enrique and {d}e Cooman, Gert},
  title   = {Marginal extension in the theory of coherent lower previsions},
  journal = {International Journal of Approximate Reasoning},
  year    = {2007},
  volume  = {46},
  number  = {1},
  pages   = {188--225},
  doi     = {10.1016/j.ijar.2006.12.009},
}

@Article{miranda2001b,
  author  = {Miranda, Enrique and {d}e Cooman, Gert},
  title   = {Epistemic independence in numerical possibility theory},
  journal = {International Journal of Approximate Reasoning},
  year    = {2003},
  volume  = {32},
  pages   = {23--42},
  doi     = {10.1016/S0888-613X(02)00087-7},
}

@Article{miranda2001c,
  author = {Miranda, Enrique and {d}e Cooman, Gert},
  title  = {Some comments on epistemic independence},
  year   = {2001},
  note   = {In preparation},
}

@Article{miranda2004,
  author = {Miranda, Enrique and {d}e Cooman, Gert},
  title  = {Coherence and independence in non-linear spaces},
  year   = {2001},
  note   = {In preparation},
  owner  = {gert},
}

@Article{miranda2005,
  author  = {Miranda, Enrique and {d}e Cooman, Gert and Couso, In\'es},
  title   = {Lower previsions induced by multi-valued mappings},
  journal = {Journal of Statistical Planning and Inference},
  year    = {2005},
  note    = {In press.},
  doi     = {10.1016/j.jspi.2004.03.005},
}

@InCollection{miranda2002,
  author    = {Miranda, Enrique and {d}e Cooman, Gert and Couso, In\'es},
  title     = {Imprecise probabilities induced by multi-valued mappings},
  booktitle = {Proceedings of the Ninth International Conference {IPMU} 2002 (Information Processing and Management of Uncertainty in Knowledge-Based Systems, July 1--5 2002, Annecy, France)},
  publisher = {Gutenberg},
  year      = {2002},
  pages     = {1061--1068},
}

@InCollection{miranda2007,
  author    = {Miranda, Enrique and {d}e Cooman, Gert and Quaeghebeur, Erik},
  title     = {The moment problem for finitely additive probabilities},
  booktitle = {Uncertainty and Intelligent Information Systems},
  year      = {2007},
  editor    = {Bouchon-Meunier, B. and Yager, R.~R. and Marsala, C. and Rifqi, M.},
  note      = {Accepted for publication},
  owner     = {gert},
  timestamp = {2007.06.29},
}

@Article{miranda2006c,
  author  = {Miranda, Enrique and {d}e Cooman, Gert and Quaeghebeur, Erik},
  title   = {Finitely additive extensions of distribution functions and moment sequences: The coherent lower prevision approach},
  journal = {International Journal of Approximate Reasoning},
  year    = {2008},
  volume  = {48},
  pages   = {132--155},
  doi     = {10.1016/j.ijar.2007.07.007},
}

@Article{miranda2002a,
  author  = {Miranda, E. and Couso, I. and Gil, P.},
  title   = {A random set characterization of possibility measures},
  journal = {Information Sciences},
  year    = {2002},
  note    = {Submitted for publication.},
}

@Article{miranda2006a,
  author  = {Miranda, Enrique and De Cooman, Gert and Quaeghebeur, Erik},
  title   = {The {H}ausdorff Moment Problem under Finite Additivity},
  journal = {Journal of Theoretical Probability},
  year    = {2007},
  volume  = {20},
  number  = {3},
  pages   = {663--693},
  doi     = {doi:10.1007/s10959-007-0055-4},
}

@Article{miranda2009,
  author    = {Miranda, Enrique and Troffaes, Matthias C.~M. and {d}e Cooman, Gert and Destercke, S\'ebastien},
  title     = {Probability boxes on totally ordered spaces},
  note      = {In preparation},
  owner     = {gert},
  timestamp = {2009.01.07},
}

@Article{miranda2010,
  author  = {Miranda, Enrique and Zaffalon, Marco},
  title   = {{Notes on desirability and conditional lower previsions}},
  journal = {Annals Of Mathematics And Artificial Intelligence},
  year    = {2011},
  volume  = {60},
  number  = {3-4},
  pages   = {251--309},
}

@Article{miranda2009b,
  author  = {Miranda, Enrique and Zaffalon, Marco},
  title   = {Coherence graphs},
  journal = {Artificial Intelligence},
  year    = {2009},
  volume  = {173},
  pages   = {104--144},
}

@Article{miranda2009c,
  author = {Miranda, Enrique and Zaffalon, Marco},
  title  = {Title to be defined},
  year   = {2009},
  note   = {Working paper},
}

@Article{miranda2012,
  author  = {Miranda, Enrique and Zaffalon, Marco and {d}e Cooman, Gert},
  title   = {Conglomerable natural extension},
  journal = {International Journal of Approximate Reasoning},
  year    = {2012},
  note    = {In press},
  doi     = {10.1016/j.ijar.2012.06.015},
}

@Article{moore1922,
  author  = {Moore, E. H. and Smith, H. L.},
  title   = {A general theory of limits},
  journal = {American Journal of Mathematics},
  year    = {1922},
  volume  = {44},
  pages   = {102--121},
  file    = {A_general_theory_of_limits.pdf:A_general_theory_of_limits.pdf:PDF},
}

@InCollection{moral2003,
  author    = {Moral, Seraf\'{\i}n},
  title     = {Epistemic irrelevance on sets of desirable gambles},
  booktitle = {ISIPTA '01 -- Proceedings of the Second International Symposium on Imprecise Probabilities and Their Applications},
  publisher = {Shaker Publishing},
  year      = {2000},
  editor    = {{de} Cooman, Gert and Fine, Terrence L. and Seidenfeld, Teddy},
  pages     = {247--254},
  address   = {Maastricht},
}

@InCollection{moral1992,
  author    = {Moral, Seraf\'{\i}n},
  title     = {Calculating uncertainty intervals from conditional convex sets of probabilities},
  booktitle = {Proceedings of the Eighth Conference on Uncertainty in Artificial Intelligence},
  publisher = {Morgan Kaufmann},
  year      = {1992},
  editor    = {Dubois, D. and Wellman, M. P. and D'Ambrosio, B. and Smets, Ph.},
  pages     = {199--206},
  address   = {San Mateo (CA)},
}

@Article{moral2005,
  author  = {Moral, Seraf\'{\i}n},
  title   = {Comments on `{A} behavioural model for vague probability assessments' ({Gert de Cooman})},
  journal = {Fuzzy Sets and Systems},
  year    = {2005},
}

@Article{moral2005b,
  author  = {Moral, Seraf\'{\i}n},
  title   = {Epistemic irrelevance on sets of desirable gambles},
  journal = {Annals of Mathematics and Artificial Intelligence},
  year    = {2005},
  volume  = {45},
  pages   = {197--214},
  doi     = {10.1007/s10472-005-9011-0},
}

@Article{moral2002,
  author  = {Moral, Seraf\'{\i}n and Cano, Andr\'es.},
  title   = {Strong conditional independence for credal sets},
  journal = {Annals of Mathematics and Artificial Intelligence},
  year    = {2002},
  volume  = {35},
  number  = {1--4},
  pages   = {295--321},
}

@InCollection{moral1995,
  author    = {Moral, Seraf\'{\i}n and Wilson, Nic},
  title     = {Revision rules for convex sets of probabilities},
  booktitle = {Mathematical Models for Handling Partial Knowledge in Artificial Intelligence},
  publisher = {Plenum Press},
  year      = {1995},
  editor    = {Coletti, Giulianella and Dubois, Didier and Scozzafava, Romano},
  pages     = {113--128},
  address   = {New York},
}

@Book{morishima1964,
  title     = {Equilibrium, Stability and Growth. A Multi-sectorial Analysis},
  publisher = {Oxford University Press},
  year      = {1964},
  author    = {Morishima, M.},
  address   = {London},
  owner     = {gert},
  timestamp = {2007.12.13},
}

@Article{murofushi1989,
  author  = {Murofushi, T. and Sugeno, M.},
  title   = {An interpretation of fuzzy measures and the {C}hoquet integral as an integral with respect to a fuzzy measure},
  journal = {Fuzzy Sets and Systems},
  year    = {1989},
  volume  = {29},
  pages   = {201--227},
}

@Article{nahmias1978,
  author  = {Nahmias, S.},
  title   = {Fuzzy variables},
  journal = {Fuzzy Sets and Systems},
  year    = {1978},
  volume  = {1},
  pages   = {97--110},
}

@InCollection{nau2003,
  author    = {Nau, Robert},
  title     = {The shape of incomplete preferences},
  booktitle = {ISIPTA '03 -- Proceedings of the Third International Symposium on Imprecise Probabilities and Their Applications},
  publisher = {Carleton Scientific},
  year      = {2003},
  editor    = {Bernard, J.-M. and Seidenfeld, T. and Zaffalon, M.},
  pages     = {408--422},
}

@Article{nau2006,
  author  = {Nau, Robert},
  title   = {The shape of incomplete preferences},
  journal = {Annals Of Statistics},
  year    = {2006},
  volume  = {34},
  number  = {5},
  pages   = {2430--2448},
  doi     = {10.1214/009053606000000740},
}

@TechReport{nau2003a,
  author      = {Nau, R.},
  title       = {The shape of incomplete preferences},
  institution = {Decision Analysis Working Paper WP030009},
  year        = {2003},
  month       = {September},
  note        = {Extended version of \cite{nau2003}},
  file        = {The_shape_of_incomplete_preferences.pdf:/Users/gert/PDFs/The_shape_of_incomplete_preferences.pdf:PDF},
  owner       = {gert},
}

@Article{nau1992,
  author  = {Nau, R. F.},
  title   = {Indeterminate probabilities on finite sets},
  journal = {The Annals of Statistics},
  year    = {1992},
  volume  = {20},
  pages   = {1737--1767},
}

@Article{needleman1970,
  author  = {Needleman, S.~B. and Wunsch, C.~D.},
  title   = {A general method applicable to the search for similarities in the amino acid sequence of two proteins},
  journal = {Journal of Molecular Biology},
  year    = {1970},
  volume  = {48},
  pages   = {443--453},
}

@Book{negoita1975,
  title     = {Applications of Fuzzy Sets to Systems Analysis},
  publisher = {Birkhauser Verlag},
  year      = {1975},
  author    = {Negoita, C. V. and Ralescu, D. A.},
  address   = {Basel},
}

@Article{neumann1932,
  author  = {{v}on Neuman, J.},
  title   = {Proof of the quasi-ergodic theorem},
  journal = {Proceedings of the National Academy of Sciences of the USA},
  year    = {1932},
  volume  = {18},
  pages   = {70--82},
}

@Book{nguyen2006:book,
  title     = {An introduction to random sets},
  publisher = {Chapman \& Hall/CRC},
  year      = {2006},
  author    = {Nguyen, Hung T.},
  address   = {Boca Raton, FL},
  doi       = {10.1201/9781420010619},
  isbn      = {978-1-58488-519-1; 1-58488-519-X},
}

@Article{nguyen1984,
  author  = {Nguyen, H. T.},
  title   = {On modeling of linguistic information using random sets},
  journal = {Information Sciences},
  year    = {1984},
  volume  = {34},
  pages   = {265--274},
}

@Article{nguyen1978,
  author  = {Nguyen, H. T.},
  title   = {On conditional possibility distributions},
  journal = {Fuzzy Sets and Systems},
  year    = {1978},
  volume  = {1},
  pages   = {299--309},
}

@Article{nguyen1978a,
  author  = {Nguyen, H. T.},
  title   = {On random sets and belief functions},
  journal = {Journal of Mathematical Analysis and Applications},
  year    = {1978},
  volume  = {65},
  pages   = {531--542},
}

@Article{nguyen1997,
  author  = {Nguyen, H. T. and Nguyen, N. T. and Wang, T.},
  title   = {On capacity functionals in interval probabilities},
  journal = {International Journal of Uncertainty, Fuzziness and Knowledge-Based Systems},
  year    = {1997},
  volume  = {5},
  pages   = {359--377},
}

@Article{nilim2005,
  author  = {Nilim, A. and El Ghaoui, L.},
  title   = {Robust control of {M}arkov decision processes with uncertain transition matrices},
  journal = {Operations Research},
  year    = {2005},
  volume  = {53},
  pages   = {780--798},
}

@InCollection{norwich1982a,
  author    = {Norwich, A. M. and Turksen, I. B.},
  title     = {The fundamental measurement of fuzziness},
  booktitle = {Fuzzy Set and Possibility Theory: Recent Developments},
  publisher = {Pergamon Press},
  year      = {1982},
  editor    = {Jager, R. R.},
  pages     = {49--60},
  address   = {New York},
}

@InCollection{norwich1982b,
  author    = {Norwich, A. M. and Turksen, I. B.},
  title     = {The construction of membership functions},
  booktitle = {Fuzzy Set and Possibility Theory: Recent Developments},
  publisher = {Pergamon Press},
  year      = {1982},
  editor    = {Jager, R. R.},
  pages     = {61--67},
  address   = {New York},
}

@InCollection{norwich1982c,
  author    = {Norwich, A. M. and Turksen, I. B.},
  title     = {Meaningfulness in fuzzy set theory},
  booktitle = {Fuzzy Set and Possibility Theory: Recent Developments},
  publisher = {Pergamon Press},
  year      = {1982},
  editor    = {Jager, R. R.},
  pages     = {68--74},
  address   = {New York},
}

@Book{nuchelmans1974,
  title     = {Overzicht van de analytische wijsbegeerte},
  publisher = {Het Spectrum},
  year      = {1974},
  author    = {Nuchelmans, G.},
  volume    = {405},
  series    = {Aula},
  address   = {Utrecht and Antwerp},
  note      = {Third edition},
}

@Article{nussbaum1998,
  author  = {Nussbaum, R.~D. and Scheutzow, M. and Verduyn Lunel, S.~M.},
  title   = {Periodic points of nonexpansive maps and nonlinear generalizations of the {P}erron--{F}robenius theory},
  journal = {Selecta Mathematica},
  year    = {1998},
  volume  = {4},
  pages   = {141--181},
  url     = {http://www.springerlink.com/index/13J92XXV6T6PN2J4.pdf},
}

@Book{nute1980,
  title     = {Topics in Conditional Logic},
  publisher = {D. Reidel Publishing Company},
  year      = {1980},
  author    = {Nute, D.},
  address   = {Dordrecht, Holland},
  owner     = {gert},
}

@Article{oberkampf2003,
  author  = {Oberkampf, W. L. and Helton, J. C. and Joslyn, C. A. and Wojtkiewicz, S. F. and Ferson, S.},
  title   = {Challenge problems: uncertainty in system response given uncertain parameters},
  journal = {Reliability Engineering and System Safety},
  note    = {(this issue)},
}

@Article{polya1930,
  author  = {P\'olya, G.},
  title   = {Sur quelques points the la th\'eorie des probabilit\'es},
  journal = {Annales de l'Institut Henri Poincar\'e},
  year    = {1930},
  volume  = {1},
  pages   = {117--161},
  file    = {Sur_quelques_points_de_la_theorie_des_probabilites.pdf:/Users/gert/PDFs/Sur_quelques_points_de_la_theorie_des_probabilites.pdf:PDF},
  owner   = {gert},
}

@Book{paardekoper1990,
  title     = {ABN Gids},
  publisher = {Standaard Uitgeverij},
  year      = {1990},
  author    = {Paardekooper, P. C.},
  address   = {Antwerp},
}

@PhdThesis{pan1997c,
  author = {Pan, Y.},
  title  = {Fuzzy Probability Calculus},
  school = {Binghamton University (SUNY)},
  year   = {1997},
}

@Article{pan1997b,
  author  = {Pan, Y. and Klir, G. J.},
  title   = {{B}ayesian inference based on interval-valued prior distributions and likelihoods},
  journal = {Journal of Intelligent and Fuzzy Systems},
  year    = {1997},
  volume  = {5},
  pages   = {193--203},
}

@InProceedings{pan1996,
  author    = {Pan, Y. and Klir, G. J. and Yuan, B.},
  title     = {{B}ayesian inference based on fuzzy probabilities},
  booktitle = {Proceedings of the 5th IEEE International Conference on Fuzzy Systems},
  year      = {1996},
  volume    = {3},
  pages     = {1693--1699},
  address   = {New Orleans, LA},
  month     = {September 8--11},
}

@Article{pan1997a,
  author  = {Pan, Y. and Yuan, B.},
  title   = {Bayesian inference of fuzzy probabilities},
  journal = {International Journal of General Systems},
  year    = {1997},
  volume  = {26},
  pages   = {73--90},
}

@Book{pap1995,
  title     = {Null-Additive Set Functions},
  publisher = {Kluwer Academic Publishers},
  year      = {1995},
  author    = {Pap, E.},
  address   = {Dordrecht},
}

@Book{pearl1988,
  title     = {Probabilistic Reasoning in Intelligent Systems: Networks of Plausible Inference},
  publisher = {Morgan Kaufmann},
  year      = {1988},
  author    = {Pearl, Judea},
  address   = {San Mateo, CA},
}

@Article{peirce1905,
  author  = {Peirce, C. S.},
  title   = {Issues of pragmaticism},
  journal = {The Monist},
  year    = {1905},
  volume  = {15},
  pages   = {481--499},
}

@InCollection{peot1998,
  author    = {Peot, M. A. and Shachter, R. D.},
  title     = {Learning from what you don't observe},
  booktitle = {Uncertainty in Artificial Intelligence (Proceedings of the Fourteenth Conference)},
  publisher = {Morgan Kaufmann Publishers},
  year      = {1998},
  editor    = {Cooper, G. F. and Moral, S.},
  pages     = {439--446},
  address   = {San Francisco, CA},
}

@Book{pepper2006,
  title     = {The Finite Element Method},
  publisher = {Taylor \& Francis},
  year      = {2006},
  author    = {Pepper, Darell W. and Heinrich,Juan C.},
  address   = {New York},
  owner     = {gert},
  timestamp = {2008.06.13},
}

@Article{pericchi1991,
  author  = {Pericchi, L. R. and Walley, P.},
  title   = {Robust {B}ayesian credible intervals and prior ignorance},
  journal = {International Statistical Review},
  year    = {1991},
  volume  = {59},
  pages   = {1--23},
  owner   = {gert},
}

@Book{phelps2001,
  title     = {Lectures on Choquet's Theorem},
  publisher = {Springer},
  year      = {2001},
  author    = {Phelps, Robert R.},
  series    = {Lecture Notes in Mathematics},
  edition   = {2nd edition},
  owner     = {gert},
  timestamp = {2009.05.30},
}

@Book{poisson1837,
  title   = {Recherches sur la probabilit\'e des jugements en mati\`ere criminelle et en mati\`ere civile, pr\'eced\'ees des r\`egles g\'en\'erales du calcul des probabilit\'es},
  year    = {1837},
  author  = {Poisson, S.-D.},
  address = {Paris},
}

@Article{prade1980,
  author  = {Prade, H.},
  title   = {Unions et intersections d'ensembles flous},
  journal = {BUSEFAL},
  year    = {1980},
  volume  = {3},
  pages   = {58--62},
}

@Book{prautzsch2002,
  title     = {B\'ezier and {B}-Spline Techniques},
  publisher = {Springer},
  year      = {2002},
  author    = {Prautzsch, Hartmut and Boehm, Wolfgang and Paluszny, Marco},
  address   = {Berlin},
  owner     = {gert},
  timestamp = {2007.03.15},
}

@Article{puri1986,
  author  = {Puri, M. L. and Ralescu, D.},
  title   = {Fuzzy Random Variables},
  journal = {Journal of Mathematical Analysis and Applications},
  year    = {1986},
  volume  = {114},
  pages   = {409--422},
}

@Article{puri1982,
  author  = {Puri, M. L. and Ralescu, D.},
  title   = {A possibility measure is not a fuzzy measure},
  journal = {Fuzzy Sets and Systems},
  year    = {1982},
  volume  = {7},
  pages   = {311--313},
  note    = {Short communication},
}

@Article{purves1976,
  author  = {Purves, R. A. and Sudderth, W. D.},
  title   = {Some finitely additive probability},
  journal = {The Annals of Probability},
  year    = {1976},
  volume  = {4},
  pages   = {259--276},
}

@InCollection{quaeghebeur2012:itip,
  author    = {Quaeghebeur, Erik},
  title     = {Introduction to Imprecise Probabilities},
  publisher = {John Wiley \& Sons},
  year      = {2014},
  editor    = {Augustin, Thomas and Coolen, Frank P. A. and {d}e Cooman, Gert and Troffaes, Matthias C. M.},
  chapter   = {Desirability},
  owner     = {gert},
  timestamp = {2011.11.03},
}

@InCollection{cooman2014:itip:previsions,
  author    = {Miranda, Enrique and {d}e Cooman, Gert},
  title     = {Introduction to Imprecise Probabilities},
  publisher = {John Wiley \& Sons},
  year      = {2014},
  editor    = {Augustin, Thomas and Coolen, Frank P. A. and {d}e Cooman, Gert and Troffaes, Matthias C. M.},
  chapter   = {Lower previsions},
  owner     = {gert},
  timestamp = {2011.11.03},
}

@InCollection{cooman2014:itip:structural,
  author    = {Miranda, Enrique and {d}e Cooman, Gert},
  title     = {Introduction to Imprecise Probabilities},
  publisher = {John Wiley \& Sons},
  year      = {2014},
  editor    = {Augustin, Thomas and Coolen, Frank P. A. and {d}e Cooman, Gert and Troffaes, Matthias C. M.},
  chapter   = {Structural judgements},
}

@Book{augustin2013:itip,
  title     = {Introduction to Imprecise Probabilities},
  publisher = {John Wiley \& Sons},
  year      = {2014},
  editor    = {Augustin, Thomas and Coolen, Frank P. A. and {d}e Cooman, Gert and Troffaes, Matthias C. M.},
  owner     = {gert},
  timestamp = {2011.11.03},
}

@InProceedings{quaeghebeur2012,
  author    = {Quaeghebeur, Erik},
  title     = {The {CONE}strip algorithm},
  booktitle = {Prceedings of SMPS 2012},
  year      = {2012},
  owner     = {gert},
  timestamp = {2012.08.06},
}

@PhdThesis{quaeghebeur2009phd,
  author = {Quaeghebeur, Erik},
  title  = {Learning from samples using coherent lower previsions},
  school = {Ghent University},
  year   = {2009},
  url    = {http://hdl.handle.net/1854/LU-495650},
}

@InCollection{quaeghebeur2003,
  author    = {Quaeghebeur, Erik and {d}e Cooman, Gert},
  title     = {Game-theoretic learning using the {I}mprecise {D}irichlet {M}odel},
  booktitle = {ISIPTA '03 -- Proceedings of the Third International Symposium on Imprecise Probabilities and Their Applications},
  publisher = {Carleton Scientific},
  year      = {2003},
  editor    = {Bernard, J.-M. and Seidenfeld, T. and Zaffalon, M.},
  pages     = {452--466},
}

@InCollection{quaeghebeur2006,
  author    = {Quaeghebeur, Erik and {d}e Cooman, Gert},
  title     = {Extreme lower probabilities},
  booktitle = {Soft Methods for Integrated Uncertainty Modelling},
  publisher = {Springer},
  year      = {2006},
  editor    = {Lawry, J. and Miranda, E. and Bugarin, A. and Li, S. and Gil, M.~A. and Grzegorzewski, P. and Hryniewicz, O.},
  pages     = {211--221},
  address   = {Berlin},
  owner     = {gert},
}

@Article{quaeghebeur2007,
  author    = {Quaeghebeur, Erik and {d}e Cooman, Gert},
  title     = {Learning in games using the {I}mprecise {D}irichlet {M}odel},
  journal   = {International Journal of Approximate Reasoning},
  year      = {2008},
  note      = {Accepted for publication},
  owner     = {gert},
  timestamp = {2007.06.29},
}

@Article{quaeghebeur2008,
  author  = {Quaeghebeur, Erik and {d}e Cooman, Gert},
  title   = {Extreme lower probabilities},
  journal = {Fuzzy Sets and Systems},
  year    = {2008},
  volume  = {159},
  number  = {16},
  pages   = {2163--2175},
  doi     = {10.1016/j.fss.2007.11.020},
}

@Article{quaeghebeur2012:statements,
  author    = {Quaeghebeur, Erik and {d}e Cooman, Gert and Hermans, Filip},
  title     = {Accept \& reject statement-based uncertainty models},
  year      = {2013},
  note      = {Submitted},
  owner     = {gert},
  timestamp = {2011.11.03},
}

@InProceedings{quaeghebeur2010,
  author    = {Quaeghebeur, Erik and Shariatmadar, Keivan and {d}e Cooman, Gert},
  title     = {A constrained optimization problem under uncertainty},
  year      = {2010},
  pages     = {10 pages},
  address   = {Chengdu (EMei), China},
  month     = {2--4 August 2010},
  note      = {accepted for FLINS2010},
  owner     = {gert},
  timestamp = {2010.03.19},
}

@Article{rabiner1989,
  author  = {Rabiner, Lawrence R.},
  title   = {A tutorial on {HMM} and selected applications in speech recognition},
  journal = {Proceedings of the IEEE},
  year    = {1989},
  volume  = {77},
  number  = {2},
  pages   = {257--286},
  month   = {February},
}

@Article{ralescu1982,
  author  = {Ralescu, D.},
  title   = {Toward a general theory of fuzzy variables},
  journal = {Journal of Mathematical Analysis and Applications},
  year    = {1982},
  volume  = {86},
  pages   = {176--193},
}

@Article{ralescu1980,
  author  = {Ralescu, D. and Adams, G.},
  title   = {The fuzzy integral},
  journal = {Journal of Mathematical Analysis and Applications},
  year    = {1980},
  volume  = {75},
  pages   = {562--570},
}

@Article{ramakrishnan1986,
  author  = {Ramakrishnan, S.},
  title   = {A finitely additive generalization of {B}irkhoff's ergodic theorem},
  journal = {Proceedings of the American Mathematical Society},
  year    = {1986},
  volume  = {96},
  pages   = {299--305},
}

@Article{ramer1989,
  author  = {Ramer, A.},
  title   = {Conditional possibility measures},
  journal = {Cybernetics and Systems},
  year    = {1989},
  volume  = {20},
  pages   = {233--247},
}

@Article{ramoni2001b,
  author  = {Ramoni, M. and Sebastiani, P.},
  title   = {Robust learning with missing data},
  journal = {Machine Learning},
  year    = {2001},
  volume  = {45},
  pages   = {147--170},
}

@InCollection{ramsey1931,
  author    = {Ramsey, F. P.},
  title     = {Truth and probability (1926)},
  booktitle = {The Foundations of Mathematics and other Logical Essays},
  publisher = {Kegan, Paul, Trench, Trubner \& Co.},
  year      = {1931},
  editor    = {Braithwaite, R. B.},
  chapter   = {VII},
  pages     = {156--198},
  address   = {London},
  note      = {Reprinted in \cite{kyburg1964} and \cite{gardenfors1988a}},
  file      = {Truth_and_probability.pdf:/Users/gert/PDFs/Truth_and_probability.pdf:PDF},
}

@Article{rao1981,
  author  = {Rao, M. B. and Rashed, A.},
  title   = {Some comments on fuzzy variables},
  journal = {Fuzzy Sets and Systems},
  year    = {1981},
  volume  = {6},
  pages   = {285--292},
}

@Book{rescher1969,
  title     = {Many-Valued Logic},
  publisher = {McGraw-Hill},
  year      = {1969},
  author    = {Rescher, N.},
  address   = {New York},
}

@InCollection{rescher1968,
  author    = {Rescher, N.},
  title     = {The logic of preference},
  booktitle = {Topics in Philosophical Logic},
  publisher = {D. Reidel Publishing Company},
  year      = {1968},
  pages     = {287--320},
  address   = {Dordrecht},
}

@Article{riesz1909,
  author    = {Riesz, F.},
  title     = {Sur les op\'erations fonctionelles lin\'eaires},
  journal   = {Comptes Rendus de l'Acad\'emie des Sciences de Paris},
  year      = {1909},
  volume    = {149},
  pages     = {974--977},
  owner     = {gert},
  timestamp = {2006.02.03},
}

@Book{riesz1955,
  title     = {Functional Analysis},
  publisher = {Frederick Ungar Publishing Co.},
  year      = {1955},
  author    = {Riesz, F. and Sz\"okefalvi-Nagy, B.},
  address   = {New York},
  note      = {English translation of the second French edition of ``Le\c{c}ons d'analyse fonctionelle''. Reprinted by Dover Publications in 1990.},
  owner     = {gert},
  timestamp = {2006.02.03},
}

@Book{robert1994,
  title     = {The {B}ayesian Choice},
  publisher = {Springer-Verlag},
  year      = {1994},
  author    = {Robert, {Ch}. P.},
  address   = {New York},
}

@Book{rockafellar1970,
  title     = {Convex Analysis},
  publisher = {Princeton University Press},
  year      = {1970},
  author    = {Rockafellar, R. T.},
  address   = {Princeton, NJ},
  owner     = {gert},
}

@Book{roubens1985,
  title     = {Preference Modelling},
  publisher = {Springer-Verlag},
  year      = {1985},
  author    = {Roubens, M. and Vincke, Ph.},
  address   = {Berlin},
}

@Article{ruspini1989,
  author  = {Ruspini, E.},
  title   = {On the semantics of vague knowledge},
  journal = {Revue Internationale Syst\'emique},
  year    = {1989},
  volume  = {3},
  pages   = {387--420},
}

@Article{russell1923,
  author  = {Russell, B. A. W.},
  title   = {Vagueness},
  journal = {Australasian Journal of Philosophy and Psychology},
  year    = {1923},
  volume  = {1},
  pages   = {84--92},
}

@Article{satia1973,
  author  = {Satia, J.~K. and Lave, R.~E.},
  title   = {{M}arkovian decision processes with uncertain transition probabilities},
  journal = {Operations Research},
  year    = {1973},
  volume  = {21},
  pages   = {728--740},
}

@Book{savage1972,
  title     = {The Foundations of Statistics},
  publisher = {Dover},
  year      = {1972},
  author    = {Savage, L. J.},
  address   = {New York},
  note      = {Second revised edition, first published 1954},
}

@Article{savage1971,
  author  = {Savage, L. J.},
  title   = {Elicitation of personal probabilities and expectations},
  journal = {Journal of the American Statistical Association},
  year    = {1971},
  volume  = {66},
  pages   = {783--801},
}

@Book{schechter1997,
  title     = {Handbook of Analysis and Its Foundations},
  publisher = {Academic Press},
  year      = {1997},
  author    = {Schechter, E.},
  address   = {San Diego, CA},
}

@Article{schmeidler1986,
  author  = {Schmeidler, D.},
  title   = {Integral representation without additivity},
  journal = {Proceedings of the American Mathematical Society},
  year    = {1986},
  volume  = {97},
  pages   = {255--261},
}

@Article{schmeidler1972,
  author  = {Schmeidler, D.},
  title   = {Cores of exact games},
  journal = {Journal of Mathematical Analysis and Applications},
  year    = {1972},
  volume  = {40},
  pages   = {214--225},
  owner   = {gert},
}

@Book{schweizer1983,
  title     = {Probabilistic Metric Spaces},
  publisher = {Elsevier Science Publishing Company},
  year      = {1983},
  author    = {Schweizer, B. and Sklar, A.},
  address   = {New York},
}

@Article{schweizer1963,
  author  = {Schweizer, B. and Sklar, A.},
  title   = {Associative functions and abstract semi-groups},
  journal = {Publ. Math. Debrecen},
  year    = {1963},
  volume  = {10},
  pages   = {69--84},
}

@InCollection{scott1982,
  author    = {Scott, D. S.},
  title     = {Domains for denotational semantics},
  booktitle = {Lecture Notes in Computer Science},
  publisher = {Springer-Verlag},
  year      = {1982},
  editor    = {Nielsen, M. and Schmidt, E. T.},
  volume    = {140},
  pages     = {577--613},
  address   = {Berlin},
}

@InProceedings{scott1970,
  author    = {Scott, D. S.},
  title     = {Towards a mathematical theory of computation},
  booktitle = {Proc. 4th Ann. Princeton Conf. on Inform. Sci. and Systems},
  year      = {1970},
  pages     = {169--176},
}

@Article{scozzafava2005,
  author  = {Scozzafava, R.},
  title   = {Comment on {Gert de Cooman}'s paper `{A} behavioral model for vague probability assessments'},
  journal = {Fuzzy Sets and Systems},
  year    = {2005},
}

@Book{segal1978,
  title     = {Integrals and operators},
  publisher = {Springer-Verlag},
  year      = {1978},
  author    = {Segal, I. E. and Kunze, R. A.},
  address   = {Berlin},
}

@InCollection{seidenfeld1990,
  author    = {Seidenfeld, Teddy and Schervish, Mark J. and Kadane, Jay B.},
  title     = {Decisions without ordering},
  booktitle = {Acting and reflecting},
  publisher = {Kluwer},
  year      = {1990},
  editor    = {Sieg, W.},
  volume    = {211},
  series    = {Synthese Library},
  pages     = {143--170},
  address   = {Dordrecht},
}

@Article{seidenfeld2010,
  author  = {Seidenfeld, Teddy and Schervish, Mark J. and Kadane, Joseph B.},
  title   = {Coherent choice functions under uncertainty},
  journal = {Synthese},
  year    = {2010},
  volume  = {172},
  number  = {1},
  pages   = {157--176},
  doi     = {10.1007/s11229-009-9470-7},
}

@Book{seidenfeld1999,
  title     = {Rethinking the Foundations of Statistics},
  publisher = {Cambridge University Press},
  year      = {1999},
  author    = {Seidenfeld, Teddy and Schervish, Mark J. and Kadane, Jay B.},
  address   = {Cambridge},
}

@Article{seidenfeld1995,
  author  = {Seidenfeld, Teddy and Schervish, Mark J. and Kadane, Jay B.},
  title   = {A representation of partially ordered preferences},
  journal = {The Annals of Statistics},
  year    = {1995},
  volume  = {23},
  pages   = {2168--2217},
  note    = {Reprinted in \cite{seidenfeld1999}, pp.~69--129},
}

@Article{seidenfeld1993,
  author  = {Seidenfeld, Teddy and Wasserman, Larry},
  title   = {Dilation for sets of probabilities},
  journal = {The Annals of Statistics},
  year    = {1993},
  volume  = {21},
  pages   = {1139--54},
}

@Book{shackle1961,
  title     = {Decision, Order and Time in Human Affairs},
  publisher = {Cambridge University Press},
  year      = {1961},
  author    = {Shackle, G. L. S.},
  address   = {Cambridge},
}

@Article{shafer2011,
  author  = {Shafer, Glenn},
  title   = {A betting interpretation for probabilities and Dempster-Shafer degrees of belief},
  journal = {International Journal Of Approximate Reasoning},
  year    = {2011},
  volume  = {52},
  number  = {2},
  pages   = {127--136},
  doi     = {10.1016/j.ijar.2009.05.012},
}

@Article{shafer1996,
  author    = {Shafer, Glenn},
  title     = {The significance of {J}acob {B}ernoulli's \emph{Ars Conjectandi} for the philosophy of probability today},
  journal   = {Journal of Econometrics},
  year      = {1996},
  volume    = {75},
  pages     = {15--32},
  file      = {The_significance_of Jacob_Bernoulli's_Ars_Conjectandi_for_the_philosophy_of_probability_today.pdf:/Users/gert/PDFs/The_significance_of Jacob_Bernoulli's_Ars_Conjectandi_for_the_philosophy_of_probability_today.pdf:PDF},
  owner     = {gert},
  timestamp = {2007.01.10},
}

@Book{shafer1996a,
  title     = {The Art of Causal Conjecture},
  publisher = {The MIT Press},
  year      = {1996},
  author    = {Shafer, Glenn},
  address   = {Cambridge, MA},
  owner     = {gert},
  timestamp = {2007.01.10},
}

@Article{shafer1985,
  author  = {Shafer, Glenn},
  title   = {Conditional probability},
  journal = {International Statistical Review},
  year    = {1985},
  volume  = {53},
  pages   = {261--277},
  file    = {Conditional_probability.pdf:/Users/gert/PDFs/Conditional_probability.pdf:PDF},
}

@Article{shafer1983,
  author    = {Shafer, Glenn},
  title     = {A subjective interpretation of conditional probability},
  journal   = {Journal of Philosophical Logic},
  year      = {1983},
  volume    = {12},
  pages     = {453--466},
  file      = {A_subjective_interpretation_of_conditional_probability.pdf:/Users/gert/PDFs/A_subjective_interpretation_of_conditional_probability.pdf:PDF},
  owner     = {gert},
  timestamp = {2007.03.02},
}

@Article{shafer1982,
  author    = {Shafer, Glenn},
  title     = {Bayes's two arguments for the {R}ule of {C}onditioning},
  journal   = {The Annals of Statistics},
  year      = {1982},
  volume    = {10},
  pages     = {1075--1089},
  file      = {Bayes's_two_arguments_for_the_rule_of_conditioning.pdf:/Users/gert/PDFs/Bayes's_two_arguments_for_the_rule_of_conditioning.pdf:PDF},
  owner     = {gert},
  timestamp = {2007.03.02},
}

@Article{shafer1978,
  author  = {Shafer, Glenn},
  title   = {Non-additive probabilities in work of {B}ernoulli and {L}ambert},
  journal = {Archive for History of Exact Sciences},
  year    = {1978},
  volume  = {19},
  pages   = {309--370},
}

@Book{shafer1976,
  title     = {A Mathematical Theory of Evidence},
  publisher = {Princeton University Press},
  year      = {1976},
  author    = {Shafer, Glenn},
  address   = {Princeton, NJ},
}

@Article{shafer2000,
  author    = {Shafer, Glenn and Gillett, Peter R. and Scherl, Richard B.},
  title     = {The Logic of events},
  journal   = {Annals of Mathematics and Artificial Intelligence},
  year      = {2000},
  volume    = {28},
  pages     = {315--389},
  file      = {The_logic_of_events.pdf:/Users/gert/PDFs/The_logic_of_events.pdf:PDF},
  owner     = {gert},
  timestamp = {2007.01.18},
}

@Article{shafer2003,
  author  = {Shafer, Glenn and Gillett, Peter R. and Scherl, Richard B.},
  title   = {A new understanding of subjective probability and its generalization to lower and upper prevision},
  journal = {International Journal of Approximate Reasoning},
  year    = {2003},
  volume  = {33},
  pages   = {1--49},
  file    = {A_new_understanding_of_subjective_probability_and_its_generalization_to_lower_and_upper_prevision.pdf:/Users/gert/PDFs/A_new_understanding_of_subjective_probability_and_its_generalization_to_lower_and_upper_prevision.pdf:PDF},
}

@Book{shafer2001,
  title     = {Probability and Finance: It's Only a Game!},
  publisher = {Wiley},
  year      = {2001},
  author    = {Shafer, Glenn and Vovk, Vladimir},
  address   = {New York},
}

@Article{shapley1971,
  author  = {Shapley, Lloyd S.},
  title   = {Cores of convex games},
  journal = {International Journal of Game Theory},
  year    = {1971},
  volume  = {1},
  pages   = {11--26},
  file    = {Cores_of_convex_games.pdf:/Users/gert/PDFs/Cores_of_convex_games.pdf:PDF},
  owner   = {gert},
}

@Article{shilkret1971,
  author  = {Shilkret, N.},
  title   = {Maxitive measures and integration},
  journal = {Indagationes Mathematicae},
  year    = {1971},
  volume  = {33},
  pages   = {109--116},
}

@Book{shohat1943,
  title     = {The Problem of Moments},
  publisher = {American Mathematical Society},
  year      = {1943},
  author    = {Shohat, J. A. and Tamarkin, J. D.},
  number    = {1},
  series    = {Mathematical Surveys},
  address   = {Providence, Rhode Island},
  owner     = {gert},
  timestamp = {2005.11.29},
}

@Article{sine1990,
  author  = {Sine, R},
  title   = {A nonlinear {P}erron--{F}robenius theorem},
  journal = {Proceedings of the American Mathematical Society},
  year    = {1990},
  volume  = {109},
  number  = {2},
  pages   = {331--336},
}

@Article{skala1978,
  author  = {Skala, H. J.},
  title   = {On many-valued logics, fuzzy sets, fuzzy logics and their applications},
  journal = {Fuzzy Sets and Systems},
  year    = {1978},
  volume  = {1},
  pages   = {129--149},
}

@Book{skrondal2004,
  title     = {Generalized Latent Variable Modeling: Multilevel, Longitudinal, and Structural Equation Models},
  publisher = {Chapman and Hall/CRC},
  year      = {2004},
  author    = {Skrondal, A. and Rabe-Hasketh, S.},
  address   = {Boca Raton},
  owner     = {gert},
  timestamp = {2007.03.06},
}

@InCollection{skyrms1980,
  author    = {Skyrms, B.},
  title     = {Higher order degrees of belief},
  booktitle = {Prospects for Pragmatism},
  publisher = {Cambridge University Press},
  year      = {1980},
  editor    = {Mellor, D. H.},
  address   = {Cambridge},
}

@Article{smets1982,
  author  = {Smets, P.},
  title   = {Probability of a fuzzy event: an axiomatic approach},
  journal = {Fuzzy Sets and Systems},
  year    = {1982},
  volume  = {7},
  pages   = {153--164},
}

@Article{smith1961,
  author  = {Smith, Cedric A. B.},
  title   = {Consistency in statistical inference and decision},
  journal = {Journal of the Royal Statistical Society, Series A},
  year    = {1961},
  volume  = {23},
  pages   = {1--37},
  file    = {Consistency_in_statistical_inference_and_decision.pdf:/Users/gert/PDFs/Consistency_in_statistical_inference_and_decision.pdf:PDF},
}

@InCollection{spohn1987,
  author    = {Spohn, W.},
  title     = {Ordinal conditional functions: A dynamic theory of epistemic states},
  booktitle = {Causation in Decision, Belief Change and Statistics},
  publisher = {Reidel},
  year      = {1987},
  editor    = {Harper, W. L. and Skyrms, B.},
  volume    = {2},
  pages     = {105--134},
  address   = {Dordrecht},
}

@Book{stern1999,
  title     = {Semimodular Lattices},
  publisher = {Cambridge University Press},
  year      = {1999},
  author    = {Stern, M.},
  owner     = {gert},
}

@Article{steyaert1995,
  author  = {Steyaert, H. and Van Parys, F. and Baekeland, R. and Kerre, E. E.},
  title   = {Implementation of piecewise linear fuzzy quantities},
  journal = {International Journal of Intelligent Systems},
  year    = {1995},
  volume  = {10},
  pages   = {1049--1059},
}

@Article{stone1926,
  author  = {Stone, M. H.},
  title   = {The theory of representations for {B}oolean algebras},
  journal = {Trans. Amer. Math. Soc.},
  year    = {1926},
  volume  = {40},
  pages   = {37--111},
}

@Article{strassen1964,
  author  = {Strassen, Volker},
  title   = {Me{\ss}fehler und {I}nformation},
  journal = {Zeitschrift f\"ur Wahrscheinlichkeitstheorie und Verwandte Gebiete},
  year    = {1964},
  volume  = {2},
  pages   = {273--305},
}

@Article{suarez1986,
  author  = {Su\'arez Garc\'{\i}a, F. and Gil \'Alvarez, P.},
  title   = {Two families of fuzzy integrals},
  journal = {Fuzzy Sets and Systems},
  year    = {1986},
  volume  = {18},
  pages   = {67--81},
}

@PhdThesis{sugeno1974,
  author  = {Sugeno, M.},
  title   = {The Theory of Fuzzy Integrals and Its Applications},
  school  = {Tokyo Institute of Technology},
  year    = {1974},
  address = {Tokyo},
}

@Article{sugeno1987,
  author  = {Sugeno, M. and Murofushi, T.},
  title   = {Pseudo-additive measures and integrals},
  journal = {Journal of Mathematical Analysis and Applications},
  year    = {1987},
  volume  = {122},
  pages   = {197--222},
}

@Article{suppes1974,
  author  = {Suppes, Patrick},
  title   = {The Measurement of Belief},
  journal = {Journal of the Royal Statistical Society. Series B (Methodological)},
  year    = {1974},
  pages   = {160--191},
  url     = {http://www.jstor.org/stable/2984811},
}

@Book{szasz1963,
  title     = {Introduction to Lattice Theory},
  publisher = {Academic Press},
  year      = {1963},
  author    = {Szasz, G.},
  address   = {New York},
  owner     = {gert},
}

@Book{taylor1965,
  title     = {General Theory of Functions and Integration},
  publisher = {Blaisdell},
  year      = {1965},
  author    = {Taylor, A. E.},
  address   = {Waltham, MA, Toronto and Londen},
}

@Article{tessem1992,
  author  = {Tessem, B.},
  title   = {Interval probability propagation},
  journal = {International Journal of Approximate Reasoning},
  year    = {1992},
  volume  = {7},
  number  = {3--4},
  pages   = {95--120},
}

@Article{trillas1979,
  author  = {Trillas, E.},
  title   = {Sobre funciones de negaci\'on en la teor\'{\i}a de conjuntos difusos},
  journal = {Stochastica},
  year    = {1979},
  volume  = {3},
  pages   = {47--59},
}

@Article{troffaes2007,
  author  = {Troffaes, Matthias C. M.},
  title   = {Decision making under uncertainty using imprecise probabilities},
  journal = {International Journal of Approximate Reasoning},
  year    = {2007},
  volume  = {45},
  number  = {1},
  pages   = {17--29},
  doi     = {10.1016/j.ijar.2006.06.001},
}

@PhdThesis{troffaes2005,
  author    = {Troffaes, M. C. M.},
  title     = {Optimality, Uncertainty, and Dynamic Programming with Lower Previsions},
  school    = {Ghent University},
  year      = {2005},
  address   = {Ghent, Belgium},
  month     = {March},
  file      = {Optimality_Uncertainty_and_Dynamic_Programming_with_Lower_Previsions.pdf:/Users/gert/PDFs/Optimality_Uncertainty_and_Dynamic_Programming_with_Lower_Previsions.pdf:PDF},
  owner     = {gert},
  timestamp = {2005.12.13},
}

@InCollection{troffaes2002b,
  author    = {Troffaes, Matthias C.~M. and {de} Cooman, Gert},
  title     = {Lower previsions for unbounded random variables},
  booktitle = {Soft Methods in Probability, Statistics and Data Analysis},
  publisher = {Physica-Verlag},
  year      = {2002},
  editor    = {Grzegorzewski, P. and Hryniewicz, O. and {\'A}ngeles Gil, M.},
  pages     = {146--155},
  address   = {New York},
}

@InCollection{troffaes2002a,
  author    = {Troffaes, Matthias C. M. and {de} Cooman, Gert},
  title     = {Extension of coherent lower previsions to unbounded random variables},
  booktitle = {Proceedings of the Ninth International Conference {IPMU} 2002 (Information Processing and Management of Uncertainty in Knowledge-Based Systems, July 1--5 2002, Annecy, France)},
  publisher = {ESIA -- Universit{\'e} de Savoie},
  year      = {2002},
  pages     = {735--42},
}

@Article{trump1996,
  author    = {Trump, W. and Prautzsch, H.},
  title     = {Arbitrary degree elevation of {B}\'ezier representations},
  journal   = {Computer Aided Geometric Design},
  year      = {1996},
  volume    = {13},
  pages     = {387--398},
  file      = {Arbitrarily_high_degree_elevation_of_Bezier_representations.pdf:/Users/gert/PDFs/Arbitrarily_high_degree_elevation_of_Bezier_representations.pdf:PDF},
  owner     = {gert},
  timestamp = {2007.06.13},
}

@Article{tsiporkova1998,
  author  = {Tsiporkova, E. and De Baets, B.},
  title   = {A general framework for upper and lower possibilities and necessities},
  journal = {International Journal of Uncertainty, Fuzziness and Knowledge-Based Systems},
  year    = {1998},
  volume  = {6},
  pages   = {1--33},
}

@Article{utkin2005,
  author  = {Utkin, L. V.},
  title   = {Comments on the paper `{A} behavioural model for vague probability assessments' by {Gert de Cooman}},
  journal = {Fuzzy Sets and Systems},
  year    = {2005},
}

@InProceedings{vancamp2012,
  author = {Van Camp, Arthur and {d}e Cooman, Gert},
  title  = {A method for learning imprecise hidden {M}arkov models},
  note   = {Accepted for IPMU 2012.},
  owner  = {gert},
}

@PhdThesis{schooten1989,
  author = {Van Schooten, A.},
  title  = {Ontwerp en implementatie van een model voor de representatie en manipulatie van onzekerheid en imprecisie in databanken en expertsystemen [Design and Implementation of a Model for the Representation and Manipulation of Uncertainty and Imprecision in Databases and Expert Systems]},
  school = {Universiteit Gent},
  year   = {1989},
}

@Book{ville1939,
  title     = {\'Etude critique de la notion de collectif},
  publisher = {Gauthier-Villars},
  year      = {1939},
  author    = {Ville, Jean},
  address   = {Paris},
}

@Article{viterbi1967,
  author  = {Viterbi, Andrew J.},
  title   = {Error bounds for convolutional codes and an asymptotically optimum decoding algorithm},
  journal = {IEEE Transactions on Information Theory},
  year    = {1967},
  volume  = {13},
  number  = {2},
  pages   = {260--269},
  doi     = {10.1109/TIT.1967.1054010},
}

@Book{vovk2005,
  title     = {Algorithmic learning in a Random World},
  publisher = {Springer},
  year      = {2005},
  author    = {Vovk, Vladimir and Gammerman, Alexander and Shafer, Glenn},
  address   = {New York},
  owner     = {gert},
  timestamp = {2007.01.26},
}

@Article{walley2000,
  author  = {Walley, Peter},
  title   = {Towards a unified theory of imprecise probability},
  journal = {International Journal of Approximate Reasoning},
  year    = {2000},
  volume  = {24},
  pages   = {125--148},
  file    = {:Users/gert/PDFs/Towards_a_frequentist_theory_of_upper_and_lower_probability.pdf:PDF},
  owner   = {gert},
}

@Article{walley1997,
  author  = {Walley, Peter},
  title   = {Statistical inferences based on a second-order possibility distribution},
  journal = {International Journal of General Systems},
  year    = {1997},
  volume  = {26},
  pages   = {337--383},
}

@Article{walley1996,
  author  = {Walley, Peter},
  title   = {Measures of uncertainty in expert systems},
  journal = {Artificial Intelligence},
  year    = {1996},
  volume  = {83},
  number  = {1},
  pages   = {1--58},
  url     = {http://www.sciencedirect.com/science/article/B6TYF-3VS5H0H-S/2/d1eeb68b2e662a5234ccd081eb329e79},
}

@Article{walley1996b,
  author  = {Walley, Peter},
  title   = {Inferences from multinomial data: learning about a bag of marbles},
  journal = {Journal of the Royal Statistical Society, Series B},
  year    = {1996},
  volume  = {58},
  pages   = {3--57},
  note    = {With discussion},
  file    = {Inferences_from_multinomial_data_learning_about_a_bag_of_marbles.pdf:/Users/gert/PDFs/Inferences_from_multinomial_data_learning_about_a_bag_of_marbles.pdf:PDF},
}

@Book{walley1991,
  title     = {Statistical Reasoning with Imprecise Probabilities},
  publisher = {Chapman and Hall},
  year      = {1991},
  author    = {Walley, Peter},
  address   = {London},
  file      = {Walley91_Statistical-Reasoning-with-Imprecise-Probabilities.pdf:/Users/gert/PDFs/Walley91_Statistical-Reasoning-with-Imprecise-Probabilities.pdf:PDF},
}

@TechReport{walley1982,
  author      = {Walley, Peter},
  title       = {The elicitation and aggregation of beliefs},
  institution = {University of Warwick},
  year        = {1982},
  address     = {Coventry},
  note        = {Statistics Research Report 23},
}

@TechReport{walley1981,
  author      = {Walley, Peter},
  title       = {Coherent lower (and upper) probabilities},
  institution = {University of Warwick},
  year        = {1981},
  number      = {Statistics Research Report 22},
  address     = {Coventry},
}

@TechReport{walley1999,
  author      = {Walley, Peter and Bernard, Jean-Marc},
  title       = {Imprecise Probabilistic Prediction for Categorical Data},
  institution = {Laboratoire Cognition et Activit\'ees Finalis\'ees, Universit\'e de Paris 8},
  year        = {1999},
  number      = {CAF-9901},
  month       = {January},
  file        = {Imprecise_probabilistic_modelling_for_categorical_data.pdf:Imprecise_probabilistic_modelling_for_categorical_data.pdf:PDF},
  owner       = {gert},
}

@Article{walley1998a,
  author  = {Walley, Peter and {d}e Cooman, Gert},
  title   = {A behavioural model for linguistic uncertainty},
  journal = {Information Sciences},
  year    = {2001},
  volume  = {134},
  pages   = {1--37},
  doi     = {10.1016/S0020-0255(01)00090-1},
}

@Article{walley1998,
  author  = {Walley, Peter and {d}e Cooman, Gert},
  title   = {Coherence of rules for defining conditional possibility},
  journal = {International Journal of Approximate Reasoning},
  year    = {1999},
  volume  = {21},
  pages   = {63--107},
  doi     = {10.1016/S0888-613X(99)00007-9},
}

@Article{walley1982a,
  author  = {Walley, Peter and Fine, Terrence L.},
  title   = {Towards a frequentist theory of upper and lower probability},
  journal = {Annals of Statistics},
  year    = {1982},
  volume  = {10},
  pages   = {741--761},
  file    = {Towards_a_frequentist_theory_of_upper_and_lower_probability.pdf:/Users/gert/PDFs/Towards_a_frequentist_theory_of_upper_and_lower_probability.pdf:PDF},
}

@Article{walley1979,
  author  = {Walley, Peter and Fine, Terrence L.},
  title   = {Varieties of modal (classificatory) and comparative probability},
  journal = {Synthese},
  year    = {1979},
  volume  = {41},
  pages   = {321--374},
}

@Article{walley2004,
  author  = {Walley, Peter and Pelessoni, Renato and Vicig, Paolo},
  title   = {Direct algorithms for checking consistency and making inferences from conditional probability assessments},
  journal = {Journal of Statistical Planning and Inference},
  year    = {2004},
  volume  = {126},
  pages   = {119--151},
}

@Article{wallsten1986,
  author  = {Wallsten, T. S. and Budescu, D. V. and Rapoport, A. and Zwick, R. and Forsyth, B.},
  title   = {Measuring the vague meanings of probability terms},
  journal = {Journal of Experimental Psychology: General},
  year    = {1986},
  volume  = {115},
  pages   = {348--365},
}

@Article{wang1982,
  author  = {Wang, P.-Z.},
  title   = {Fuzzy contactability and fuzzy variables},
  journal = {Fuzzy Sets and Systems},
  year    = {1982},
  volume  = {8},
  pages   = {81--92},
}

@InCollection{wang1982a,
  author    = {Wang, P.-Z. and Sanchez, E.},
  title     = {Treating a fuzzy subset as a projectable random set},
  booktitle = {Fuzzy Information and Decision Processes},
  publisher = {North-Holland},
  year      = {1982},
  editor    = {Gupta, M. M. and Sanchez, E.},
  pages     = {213--220},
  address   = {Amsterdam},
}

@Book{wang1992,
  title     = {Fuzzy Measure Theory},
  publisher = {Plenum Press},
  year      = {1992},
  author    = {Wang, Z. and Klir, G. J.},
  address   = {New York},
}

@Article{wang1996,
  author  = {Wang, Z. and Klir, G. J. and Wang, W.},
  title   = {Monotone set functions defined by {C}hoquet integral},
  journal = {Fuzzy Sets and Systems},
  year    = {1996},
  volume  = {81},
  pages   = {241--250},
}

@Book{warner1965,
  title     = {Modern Algebra},
  publisher = {Prentice Hall},
  year      = {1965},
  author    = {Warner, S.},
  address   = {Englewood Cliffs, NJ},
}

@Book{wasserman2004,
  title     = {All of Statistics},
  publisher = {Springer},
  year      = {2004},
  author    = {Wasserman, Larry},
  address   = {New York},
}

@Article{wasserman1990,
  author  = {Wasserman, Larry A.},
  title   = {Belief Functions and Statistical Inference},
  journal = {The Canadian Journal of Statistics / La Revue Canadienne de Statistique},
  year    = {1990},
  volume  = {18},
  number  = {3},
  pages   = {183--196},
  url     = {http://www.jstor.org/stable/3315449},
}

@Article{watson1979,
  author  = {Watson, S. R. and Weiss, J. J. and Donnell, M. L.},
  title   = {Fuzzy decision analysis},
  journal = {IEEE Transactions on Systems, Man, and Cybernetics},
  year    = {1979},
  volume  = {9},
  pages   = {1--9},
}

@Article{weber1986,
  author  = {Weber, S.},
  title   = {Two integrals and some modified versions --- critical remarks},
  journal = {Fuzzy Sets and Systems},
  year    = {1986},
  volume  = {20},
  pages   = {97--105},
}

@Article{weber1984a,
  author  = {Weber, S.},
  title   = {$\perp$-decomposable measures and integrals for {A}rchimedean t-conorms $\perp$},
  journal = {Journal of Mathematical Analysis and Applications},
  year    = {1984},
  volume  = {101},
  pages   = {114--138},
}

@Article{weber1984b,
  author  = {Weber, S.},
  title   = {Measures of fuzzy sets and measures of fuzziness},
  journal = {Fuzzy Sets and Systems},
  year    = {1984},
  volume  = {13},
  pages   = {247--271},
}

@Article{weber1983,
  author  = {Weber, S.},
  title   = {A general concept of fuzzy connectives, negations and implications based on t-norms and t-conorms},
  journal = {Fuzzy Sets and Systems},
  year    = {1983},
  volume  = {11},
  pages   = {115--134},
}

@Book{weichselberger2001,
  title     = {Elementare {G}rundbegriffe einer allgemeineren {W}ahrscheinlichkeitsrechnung. {I.} {I}ntervallwahrscheinlichkeit als umfassendes {K}onzept},
  publisher = {Physica-Verlag Heidelberg},
  year      = {2001},
  author    = {Weichselberger, K.},
}

@Article{wheeler1975,
  author  = {Wheeler {III}, S. C.},
  title   = {Reference and vagueness},
  journal = {Synthese},
  year    = {1975},
  volume  = {30},
  pages   = {367--379},
}

@Article{white1994,
  author  = {White, C.~C. and Eldeib, H.~K.},
  title   = {{M}arkov decision-processes with imprecise transition-probabilities},
  journal = {Operations Research},
  year    = {1994},
  volume  = {42},
  pages   = {739--749},
}

@Book{whitehead1910,
  title   = {Principia Mathematica},
  year    = {1910--1913},
  author  = {Whitehead, A. N. and Russell, B.},
  address = {Cambridge},
  note    = {3 volumes},
}

@Book{whittle2000,
  title     = {Probability via Expectation},
  publisher = {Springer},
  year      = {2000},
  author    = {Whittle, P.},
  address   = {New York},
  edition   = {Fourth},
  owner     = {gert},
  timestamp = {2007.03.13},
}

@InCollection{williams1994,
  author    = {Williams, M. A.},
  title     = {Transmutation of knowledge systems},
  booktitle = {Proceedings of the Fourth International Conference on Principles of Knowledge Representation and Reasoning},
  publisher = {Morgan Kaufmann},
  year      = {1994},
  pages     = {619--629},
  owner     = {gert},
}

@InCollection{williams1976,
  author    = {Williams, Peter M.},
  title     = {Indeterminate probabilities},
  booktitle = {Formal Methods in the Methodology of Empirical Sciences},
  publisher = {Reidel},
  year      = {1976},
  editor    = {Przelecki, M. and Szaniawski, K. and Wojcicki, R.},
  pages     = {229--246},
  address   = {Dordrecht},
  note      = {Proceedings of a 1974 conference held in Warsaw},
}

@Article{williams2007,
  author    = {Williams, Peter M.},
  title     = {Notes on conditional previsions},
  journal   = {International Journal of Approximate Reasoning},
  year      = {2007},
  volume    = {44},
  pages     = {366--383},
  note      = {Revised journal version of \cite{williams1975}},
  file      = {Notes_on_conditional_previsions.pdf:/Users/gert/PDFs/Notes_on_conditional_previsions.pdf:PDF},
  owner     = {gert},
  timestamp = {2007.05.08},
}

@Article{williams1978,
  author    = {Williams, Peter M.},
  title     = {On an new theory of epistemic probability},
  journal   = {British Journal for the Philosophy of Science},
  year      = {1978},
  volume    = {29},
  pages     = {375--387},
  owner     = {gert},
  timestamp = {2006.11.07},
}

@TechReport{williams1975,
  author      = {Williams, Peter M.},
  title       = {Notes on conditional previsions},
  institution = {School of Mathematical and Physical Science},
  year        = {1975},
  address     = {University of Sussex, UK},
  note        = {Revised journal version: \cite{williams2007}},
}

@InCollection{williams1975lmps,
  author    = {Williams, Peter M.},
  title     = {Coherence, Strict Coherence and Zero Probabilities},
  booktitle = {Proceedings of the Fifth International Congress on Logic, Methodology and Philosophy of Science},
  year      = {1975},
  volume    = {VI},
  pages     = {29--33},
  address   = {Dordrecht},
  note      = {Proceedings of a 1974 conference held in Warsaw},
}

@Book{williamson1994,
  title     = {Vagueness},
  publisher = {Routledge},
  year      = {1994},
  author    = {Williamson, T.},
  address   = {London},
}

@InCollection{wilson2001,
  author    = {Wilson, N.},
  title     = {Modified upper and lower probabilities based on imprecise likelihoods},
  booktitle = {ISIPTA '01 -- Proceedings of the Second International Symposium on Imprecise Probabilities and Their Applications},
  publisher = {Shaker Publishing},
  year      = {2000},
  editor    = {{de} Cooman, Gert and Fine, Terrence L. and Seidenfeld, Teddy},
  pages     = {370--378},
  address   = {Maastricht},
}

@Article{wilson1994,
  author  = {Wilson, N.},
  title   = {Vagueness and {B}ayesian probability},
  journal = {IEEE Transactions on Fuzzy Systems},
  year    = {1994},
  volume  = {2},
  pages   = {34--36},
}

@Book{winterfeldt1986,
  title     = {Decision Analysis and Behavioral Research},
  publisher = {Cambridge University Press},
  year      = {1986},
  author    = {{v}on Winterfeldt, D. and Edwards, W.},
  address   = {Cambridge},
}

@Book{wittgenstein1953,
  title     = {Philosphical Investigations},
  publisher = {Blackwell},
  year      = {1953},
  author    = {Wittgenstein, L.},
  address   = {Oxford},
}

@Article{wright1975,
  author  = {Wright, C.},
  title   = {On the coherence of vague predicates},
  journal = {Synthese},
  year    = {1975},
  volume  = {30},
  pages   = {325--365},
}

@Book{wright1963,
  title   = {The Logic of Preference},
  year    = {1963},
  author  = {{v}on Wright, G. H.},
  address = {Edinburgh},
}

@Book{zabell2005,
  title     = {Symmetry and Its Discontents: Essays on the History of Inductive Probability},
  publisher = {Cambridge University Press},
  year      = {2005},
  author    = {Zabell, Sandy L.},
  series    = {Cambridge Studies in Probability, Induction, and Decision Theory},
  address   = {Cambridge, UK},
  owner     = {gert},
  timestamp = {2006.08.04},
}

@Article{zabell1992,
  author  = {Zabell, Sandy L.},
  title   = {Predicting the unpredictable},
  journal = {Synthese},
  year    = {1992},
  volume  = {90},
  pages   = {205--232},
  note    = {Reprinted in \cite{zabell2005}},
  file    = {Predicting_the_unpredictable.pdf:Predicting_the_unpredictable.pdf:PDF},
  owner   = {gert},
}

@Article{zabell1989,
  author  = {Zabell, Sandy L.},
  title   = {The {R}ule of {S}uccession},
  journal = {Erkenntnis},
  year    = {1989},
  volume  = {31},
  pages   = {283--321},
  note    = {Reprinted in \cite{zabell2005}},
  owner   = {gert},
}

@Article{zabell1989a,
  author  = {Zabell, Sandy L.},
  title   = {{R.~A.~F}isher on the history of inverse probability},
  journal = {Statistical Science},
  year    = {1989},
  volume  = {4},
  pages   = {247--256},
  note    = {Reprinted in \cite{zabell2005}},
  file    = {Fisher_on_the_history_of_inverse_probability.pdf:Fisher_on_the_history_of_inverse_probability.pdf:PDF},
  owner   = {gert},
}

@Article{zabell1982,
  author  = {Zabell, Sandy L.},
  title   = {{W.~E.~J}ohnson's ``sufficientness'' postulate},
  journal = {The Annals of Statistics},
  year    = {1982},
  volume  = {10},
  pages   = {1090--1099},
  note    = {Reprinted in \cite{zabell2005}},
  file    = {WE_Johnsons_sufficientness_postulate.pdf:/Users/gert/PDFs/WE_Johnsons_sufficientness_postulate.pdf:PDF},
  owner   = {gert},
}

@InCollection{zadeh1979,
  author    = {Zadeh, L. A.},
  title     = {A theory of approximate reasoning},
  booktitle = {Machine Intelligence},
  publisher = {Halstead Press},
  year      = {1979},
  editor    = {Hayes, J. and Michie, D. and Mikulich, L. I.},
  volume    = {9},
  pages     = {149--194},
  address   = {New York},
}

@InProceedings{zadeh1986,
  author    = {Zadeh, L. A.},
  title     = {Is probability theory sufficient for dealing with uncertainty in {AI}: a negative view},
  booktitle = {Uncertainty in Artificial Intelligence},
  year      = {1986},
  editor    = {Kanal, L. N. and Lemmer, J. F.},
  pages     = {103--116},
  address   = {Amsterdam},
  publisher = {North-Holland},
}

@InCollection{zadeh1975a,
  author    = {Zadeh, L. A.},
  title     = {Calculus of fuzzy restrictions},
  booktitle = {Fuzzy Sets and Their Applications To Cognitive and Decision Processes},
  publisher = {Academic Press},
  year      = {1975},
  editor    = {Zadeh, L. A. et. al.},
  pages     = {1--39},
  address   = {New York},
}

@Article{zadeh2005,
  author  = {Zadeh, L. A.},
  title   = {From imprecise to granular probabilities},
  journal = {Fuzzy Sets and Systems},
  year    = {2005},
}

@Article{zadeh2002,
  author  = {Zadeh, L. A.},
  title   = {Toward a perception-based theory of probabilistic reasoning with imprecise probabilities},
  journal = {Journal of Statistical Planning and Inference},
  year    = {2002},
  volume  = {105},
  pages   = {233--264},
}

@Article{zadeh1984,
  author  = {Zadeh, L. A.},
  title   = {Fuzzy probabilities},
  journal = {Information Processing and Management},
  year    = {1984},
  volume  = {20},
  pages   = {363--372},
}

@Article{zadeh1983,
  author  = {Zadeh, L. A.},
  title   = {The role of fuzzy logic in the management of uncertainty in expert systems},
  journal = {Fuzzy Sets and Systems},
  year    = {1983},
  volume  = {11},
  pages   = {199--227},
}

@Article{zadeh1982,
  author  = {Zadeh, L. A.},
  title   = {A note on prototype theory and fuzzy sets},
  journal = {Cognition},
  year    = {1982},
  volume  = {12},
  pages   = {291--297},
}

@Article{zadeh1978a,
  author  = {Zadeh, L. A.},
  title   = {Fuzzy sets as a basis for a theory of possibility},
  journal = {Fuzzy Sets and Systems},
  year    = {1978},
  volume  = {1},
  pages   = {3--28},
}

@Article{zadeh1978b,
  author  = {Zadeh, L. A.},
  title   = {PRUF --- A meaning representation language for natural languages},
  journal = {International Journal of Man-Machine Studies},
  year    = {1978},
  volume  = {10},
  pages   = {395--460},
}

@Article{zadeh1976,
  author  = {Zadeh, L. A.},
  title   = {The concept of a linguistic variable and its application to approximate reasoning {III}},
  journal = {Information Sciences},
  year    = {1976},
  volume  = {9},
  pages   = {43--80},
}

@Article{zadeh1975b,
  author  = {Zadeh, L. A.},
  title   = {The concept of a linguistic variable and its application to approximate reasoning {I}},
  journal = {Information Sciences},
  year    = {1975},
  volume  = {8},
  pages   = {199--249},
}

@Article{zadeh1975c,
  author  = {Zadeh, L. A.},
  title   = {The concept of a linguistic variable and its application to approximate reasoning {II}},
  journal = {Information Sciences},
  year    = {1975},
  volume  = {8},
  pages   = {301--357},
}

@Article{zadeh1975d,
  author  = {Zadeh, L. A.},
  title   = {Fuzzy logic and approximate reasoning},
  journal = {Synthese},
  year    = {1975},
  volume  = {30},
  pages   = {407--428},
}

@Article{zadeh1971,
  author  = {Zadeh, L. A.},
  title   = {Similarity relations and fuzzy orderings},
  journal = {Information Sciences},
  year    = {1971},
  volume  = {3},
  pages   = {177--200},
}

@Article{zadeh1968,
  author  = {Zadeh, L. A.},
  title   = {Probability measures of fuzzy events},
  journal = {Journal of Mathematical Analysis and Applications},
  year    = {1968},
  volume  = {23},
  pages   = {421--427},
}

@Article{zadeh1965,
  author  = {Zadeh, L. A.},
  title   = {Fuzzy sets},
  journal = {Information and Control},
  year    = {1965},
  volume  = {8},
  pages   = {338--353},
}

@InCollection{zaffalon1999,
  author    = {Zaffalon, Marco},
  title     = {A credal approach to naive classification},
  booktitle = {ISIPTA '99 -- Proceedings of the First International Symposium on Imprecise Probabilities and Their Applications},
  publisher = {Imprecise Probabilities Project},
  year      = {1999},
  editor    = {{de} Cooman, Gert and Cozman, Fabio G. and Moral, Seraf\'{\i}n and Walley, Peter},
  pages     = {405--414},
  address   = {Ghent},
}

@InCollection{zaffalon2001,
  author    = {Zaffalon, Marco},
  title     = {Statistical inference of the naive credal classifier},
  booktitle = {ISIPTA '01 -- Proceedings of the Second International Symposium on Imprecise Probabilities and Their Applications},
  publisher = {Shaker Publishing},
  year      = {2000},
  editor    = {{de} Cooman, Gert and Fine, Terrence. L. and Seidenfeld, Teddy},
  pages     = {384--393},
  address   = {Maastricht},
}

@Article{zaffalon2000,
  author  = {Zaffalon, Marco},
  title   = {The naive credal classifier},
  journal = {Journal of Statistical Planning and Inference},
  year    = {2002},
  volume  = {105},
  pages   = {5--21},
}

@Article{zaffalon2002b,
  author  = {Zaffalon, Marco},
  title   = {Exact credal treatment of missing data},
  journal = {Journal of Statistical Planning and Inference},
  year    = {2002},
  volume  = {105},
  pages   = {105--122},
}

@Article{zaffalon2012,
  author  = {Zaffalon, Marco and Miranda, Enrique},
  title   = {Probability and time},
  journal = {Artificial Intelligence},
  year    = {2013},
  volume  = {198},
  pages   = {1--51},
}

@Article{zaffalon2009,
  author  = {Zaffalon, Marco and Miranda, Enrique},
  title   = {Conservative inference rule for uncertain reasoning under incompleteness},
  journal = {Journal of Artificial Intelligence Research},
  year    = {2009},
  volume  = {34},
  pages   = {757--821},
}

@Article{zaffalon2003,
  author  = {Zaffalon, M. and Wesnes, K. and Petrini, O.},
  title   = {Reliable diagnoses of dementia by the naive credal classifier inferred from incomplete cognitive data},
  journal = {Artificial Intelligence in Medicine},
  year    = {2003},
  volume  = {29},
  pages   = {61--79},
}

@Book{zellner1971,
  title     = {An Introduction to {B}ayesian Inference in Econometrics},
  publisher = {Wiley},
  year      = {1971},
  author    = {Zellner, A.},
  address   = {New York},
}

@InProceedings{wang1985,
  author    = {Wang Zhenyuan},
  title     = {Extension of possibility measures defined on an arbitrary non\discretionary{-}{e}{-e}mpty class of sets},
  booktitle = {Proceedings of the First IFSA Congress},
  year      = {1985},
  address   = {Palma de Mallorca, Spain},
}

@Article{wang1984,
  author  = {Wang Zhenyuan and Zhang Zhipeng},
  title   = {On the extension of possibility measures},
  journal = {BUSEFAL},
  year    = {1984},
  volume  = {18},
  pages   = {26--32},
}

@Article{qiao1989,
  author  = {Qiao Zhong},
  title   = {On the extension of possibility measures},
  journal = {Fuzzy Sets and Systems},
  year    = {1989},
  volume  = {32},
  pages   = {315--320},
}

@Book{zimmermann1985,
  title     = {Fuzzy Set Theory --- and Its Applications},
  publisher = {Kluwer-Nijhoff Publishing},
  year      = {1985},
  author    = {Zimmermann, H.-J.},
  address   = {Dordrecht},
}

@Book{augustin2011,
  title     = {Introduction to Imprecise Probabilities},
  publisher = {Wiley},
  editor    = {Augustin, Thomas and Coolen, Frank P. A. and {d}e Cooman, Gert and Troffaes, Matthias C. M.},
  note      = {In preparation for 2012},
  owner     = {gert},
  timestamp = {2010.06.05},
}

@Book{cooman1999d,
  title     = {ISIPTA '99 -- Proceedings of the First International Symposium on Imprecise Probabilities and Their Applications},
  publisher = {Imprecise Probabilities Project},
  year      = {1999},
  editor    = {{d}e Cooman, Gert and Cozman, Fabio G. and Moral, Seraf\'{\i}n and Walley, Peter},
  address   = {Ghent},
}

@Book{cooman2001a,
  title     = {ISIPTA '01 -- Proceedings of the Second International Symposium on Imprecise Probabilities and Their Applications},
  publisher = {Shaker Publishing},
  year      = {2000},
  editor    = {{d}e Cooman, Gert and Fine, Terrence L. and Seidenfeld, Teddy},
  address   = {Maastricht},
}

@Book{cooman1995a,
  title     = {Foundations and Applications of Possibility Theory -- Proceedings of FAPT '95, Ghent, 13--15 December 1995},
  publisher = {World Scientific},
  year      = {1995},
  editor    = {{d}e Cooman, Gert and Ruan, Da and Kerre, Etienne E.},
  address   = {Singapore},
}

@Book{cooman2007,
  title     = {ISIPTA '07 -- Proceedings of the Fifth International Symposium on Imprecise Probability: Theories and Applications},
  publisher = {SIPTA},
  year      = {2007},
  editor    = {{d}e Cooman, Gert and Vejnarov\'a, Ji\v{r}ina and Zaffalon, Marco},
  address   = {Prague},
}

@Book{grabisch1999,
  title     = {Fuzzy Measures and Integrals -- Theory and Applications},
  publisher = {Physica-Verlag (Springer)},
  year      = {1999},
  editor    = {Grabisch, M. and Murofushi, T. and Sugeno, M.},
  address   = {Heidelberg},
  note      = {In production},
}

@Book{kadane1999,
  title     = {Rethinking the Foundations of Statistics},
  publisher = {Cambridge University Press},
  year      = {1999},
  editor    = {Kadane, J. B. and Schervish, M. J. and Seidenfeld, T.},
  address   = {Cambridge},
}

@Book{kyburg1964,
  title     = {Studies in Subjective Probability},
  publisher = {Wiley},
  year      = {1964},
  editor    = {Kyburg Jr., Henry E. and Smokler, Henry E.},
  address   = {New York},
  note      = {Second edition (with new material) 1980},
}

@Book{walton1863,
  title     = {The Mathematical and Other Writings of Rovert Leslie Ellis M.A.},
  publisher = {Deighton and Bell},
  year      = {1863},
  editor    = {Walton, W.},
  address   = {Cambridge},
  owner     = {gert},
}

@Book{troffaes2013:lp,
  title     = {Lower Previsions},
  publisher = {Wiley},
  year      = {2014},
  author    = {Troffaes, Matthias C. M. and {d}e Cooman, Gert},
}

@Article{wagner2007:smith:walley,
  author  = {Wagner, Carl G.},
  title   = {The Smith--Walley Interpretation of Subjective Probability: An Appreciation},
  journal = {Studia Logica},
  year    = {2007},
  volume  = {86},
  pages   = {343–-350},
  doi     = {10.1007/s11225-007-9064-7},
}

@Article{quaeghebeur2013:statement,
  author  = {Quaeghebeur, Erik and {d}e Cooman, Gert and Hermans, Filip},
  title   = {Accept \& Reject Statement-Based Uncertainty Models},
  journal = {International Journal of Approximate Reasoning},
  year    = {2013},
  note    = {Submitted for publication},
}

@Article{cooman:2012:indnatexdesirs,
  author  = {de Cooman, Gert and Miranda, Enrique},
  title   = {{Irrelevant and independent natural extension for sets of desirable gambles.}},
  journal = {Journal of Artificial Intelligence Research},
  year    = {2012},
  volume  = {45},
  pages   = {601--640},
  url     = {http://www.jair.org/vol/vol45.html},
}

@Article{sheffer1939,
  author  = {Sheffer, Isador M.},
  title   = {Some Properties of Polynomial Sets of Type Zero},
  journal = {Duke Mathematical Journal},
  year    = {1939},
  volume  = {5},
  pages   = {590--622},
}

@Article{deCoomanMirandaQuaeghebeur2009,
  author  = {{d}e Cooman, Gert and Miranda, Enrique and Quaeghebeur, Erik},
  title   = {Representation insensitivity in immediate prediction under exchangeability},
  journal = {International Journal of Approximate Reasoning},
  year    = {2009},
  volume  = {50},
  number  = {2},
  pages   = {204--216},
  doi     = {10.1016/j.ijar.2008.03.010},
}

@InCollection{deCoomanMirandaZaffalon2010,
  author    = {{d}e Cooman, Gert and Miranda, Enrique and Zaffalon, Marco},
  title     = {Independent natural extension},
  booktitle = {Computational Intelligence for Knowledge-Based Systems Design (Proceedings of IPMU 2010, 28 June -- 2 July 2010, Dortmund, Germany)},
  publisher = {Springer},
  year      = {2010},
  editor    = {H\"ullermeier, Eyke and Kruse, Rudolf and Hoffmann, Frank},
  volume    = {6178},
  series    = {Lecture Notes in Computer Science},
  pages     = {737--746},
  address   = {Heidelberg},
  owner     = {gert},
  timestamp = {2010.03.19},
}

@Article{hausdorff1923c,
  author  = {Hausdorff, Felix},
  title   = {{M}omentprobleme für ein endliches {I}ntervall},
  journal = {Mathematische Zeitschrift},
  year    = {1923},
  volume  = {13},
  pages   = {220–-248},
}

@Article{walley1997:bounded:derivative,
  author    = {Walley, Peter},
  title     = {A bounded derivative model for prior ignorance about a real-valued parameter},
  journal   = {Scandinavian Journal of Statistics},
  year      = {1997},
  volume    = {24},
  number    = {4},
  pages     = {463--483},
  doi       = {10.1111/1467-9469.00075},
  publisher = {Blackwell},
}

@Article{couso2011:desirable,
  author   = {Couso, Ines and Moral, Seraf\'{\i}n},
  title    = {Sets of desirable gambles: Conditioning, representation, and precise probabilities},
  journal  = {International Journal Of Approximate Reasoning},
  year     = {2011},
  volume   = {52},
  number   = {7},
  abstract = {The theory of sets of desirable gambles is a very general model which covers most of the existing theories for imprecise probability as special cases; it has a clear and simple axiomatic justification; and mathematical definitions are natural and intuitive},
  doi      = {10.1016/j.ijar.2011.08.001},
}

@Article{rouanet1983,
  author  = {Rouanet, Henry and Lecoutre, Bruno},
  title   = {{Specific inference in ANOVA: From significance tests to Bayesian procedures}},
  journal = {British Journal of Mathematical and Statistical Psychology},
  year    = {1983},
  volume  = {36},
  number  = {2},
  pages   = {252--268},
  doi     = {10.1111/j.2044-8317.1983.tb01131.x},
}

@Article{skulj2013,
  author  = {\v{S}kulj, Damjan and Hable, Robert},
  title   = {Coefficients of ergodicity for {M}arkov chains with uncertain parameters},
  journal = {Metrika},
  year    = {2013},
  volume  = {76},
  number  = {1},
  pages   = {107--133},
  doi     = {10.1007/s00184-011-0378-0},
}

@Article{piatti2009:latent,
  author  = {Piatti, Alberto and Zaffalon, Marco and Trojani, Fabio and Hutter, Marcus},
  title   = {{Limits of learning about a categorical latent variable under prior near-ignorance}},
  journal = {International Journal Of Approximate Reasoning},
  year    = {2009},
  volume  = {50},
  number  = {4},
  pages   = {597--611},
}

@Article{cooman2014:filtermaps,
  author  = {{d}e Cooman, Gert and Miranda, Enrique},
  title   = {Lower previsions induced by filter maps},
  journal = {Journal of Mathematical Analysis and Applications},
  year    = {2014},
  volume  = {410},
  number  = {1},
  pages   = {101--116},
}

@InCollection{vovk2014:itip,
  author    = {Vovk, Vladimir and Shafer, Glenn},
  title     = {Game-theoretic probability},
  booktitle = {Introduction to Imprecise Probabilities},
  publisher = {John Wiley \& Sons},
  year      = {2014},
  editor    = {Augustin, Thomas and Coolen, Frank P. A. and {d}e Cooman, Gert and Troffaes, Matthias C. M.},
}

@Article{shafer2012:zero-one,
  author  = {Shafer, Glenn and Vovk, Vladimir and Takemura, Akimichi},
  title   = {L\'evy's zero--one law in game-theoretic probability},
  journal = {Journal of Theoretical Probability},
  year    = {2012},
  volume  = {25},
  pages   = {1--24},
}

@Book{williams1991,
  title     = {Probability with Martingales},
  publisher = {Cambridge University Press},
  year      = {1991},
  author    = {Williams, David},
  address   = {Cambridge, UK},
}

@Article{decooman2015:coherent:predictive:inference,
  author  = {De Cooman, Gert and De Bock, Jasper and Diniz, M\'arcio Alves},
  title   = {Coherent predictive inference under exchangeability with imprecise probabilities},
  journal = {Journal},
  year    = {2015},
  volume  = {52},
  pages   = {1--95},
}

@PhdThesis{cattaneo2007:thesis,
  author  = {Cattaneo, Marco E. G. V.},
  title   = {Statistical decisions based directly on the likelihood function},
  school  = {ETH Zurich},
  year    = {2007},
  address = {Zurich},
  doi     = {10.3929/ethz-a-005463829},
  url     = {http://e-collection.library.ethz.ch/view/eth:29855},
}

@InCollection{cooman2015:ergodic,
  author    = {{d}e Cooman, Gert and De Bock, Jasper, and Lopatatzidis, Stavros},
  title     = {A pointwise ergodic theorem for imprecise {M}arkov chains},
  booktitle = {ISIPTA '15 -- Proceedings of the Ninth International Symposium on Imprecise Probability: Theories and Applications},
  publisher = {Aracne Editrice},
  year      = {2015},
  editor    = {Augustin, Thomas and Doria, Serena and Miranda, Enrique and Quaeghebeur, Erik},
  pages     = {107--116},
}

@Article{vovk2010:randomness,
  author  = {Vovk, Vladimir G. and Shen, Alexander},
  title   = {Prequential randomness and probability},
  journal = {Theoretical Computer Science},
  year    = {2010},
  volume  = {411},
  number  = {29-30},
  pages   = {2632--2646},
}

@InProceedings{debock2012:bernoulli,
  author    = {De Bock, Jasper and de Cooman, Gert},
  title     = {Imprecise Bernoulli Processes},
  booktitle = {IPMU 2012},
  year      = {2012},
  editor    = {Greco, Salvatore and Bouchon-Meunier, Bernadette and Coletti, Giulianella and Fedrizzi, Mario and Matarazzo, Benedetto and Yager, Ronald R.},
  volume    = {299},
  series    = {Communications in Computer and Information Science},
  pages     = {400--409},
  publisher = {Springer},
  ee        = {http://dx.doi.org/10.1007/978-3-642-31718-7_42},
  url       = {http://dblp.uni-trier.de/db/conf/ipmu/ipmu2012-3.html#BockC12},
}

@Article{debock2014:estihmm,
  author  = {De Bock, Jasper and de Cooman, Gert},
  title   = {An efficient algorithm for estimating state sequences in imprecise hidden {M}arkov models},
  journal = {Journal of Artificial Intelligence Research},
  year    = {2014},
  volume  = {50},
  pages   = {189--233},
}

@PhdThesis{debock2015:thesis,
  author = {De Bock, Jasper},
  title  = {Credal Networks under Epistemic Irrelevance: Theory and Algorithms},
  school = {Ghent University, Faculty of Engineering and Architecture},
  year   = {2015},
}

@Article{vovk2008:brownian,
  author = {Vovk, Vladimir G.},
  title  = {Game-theoretic {B}rownian motion},
  note   = {ArXiv:0801.1309},
}

@Article{vovk2016:richquick,
  author = {V. Vovk},
  title  = {Getting rich quick with the Axiom of Choice},
  year   = {2016},
  note   = {ArXiv:1604.00596},
}

@Article{vovk1993:forecasting,
  author  = {V. Vovk},
  title   = {Forecasting point and continuous processes: Prequential analysis},
  journal = {Test},
  year    = {1993},
  volume  = {2},
  pages   = {189--217},
  issue   = {1},
}

@Article{vovk2012:emergence:of:probability,
  author  = {Vovk, Vladimir G.},
  title   = {Continuous-time trading and the emergence of probability},
  journal = {Finance and Stochastics},
  year    = {2012},
  volume  = {16},
  number  = {4},
  pages   = {561--609},
}

@Article{erreygers2017:ictmcs,
  author = {Erreygers, A. and De Bock, J.},
  title  = {Imprecise continuous-time {M}arkov chains: efficient computational methods with guaranteed error bounds},
  year   = {2017},
  note   = {ArXiv:1702.07150},
}

@Article{niemiec2007:bonusmalus,
  author  = {Niemiec, M.},
  title   = {Bonus-Malus Systems as {M}arkov Set-Chains},
  journal = {ASTIN Bulletin},
  year    = {2007},
  volume  = {37},
  pages   = {53--66},
  issue   = {1},
}

@PhdThesis{samuels2009phd,
  author = {Samuels, C. L.},
  title  = {{M}arkov set-chains as models of plant succession},
  school = {University of Tennessee},
  year   = {2001},
}

@InProceedings{soullard2017:gesturerecognition,
  author    = {Soullard, Y. and Antonucci, A. and Destercke, S.},
  title     = {Technical gestures recognition by set-valued hidden {M}arkov models with prior knowledge},
  booktitle = {Soft Methods for Data Science, Advances in Intelligent Systems and Soft Computing},
  year      = {2017},
  volume    = {456},
  pages     = {455--462},
}

@InProceedings{rottondi2017:flexigrid,
  author = {Rottondi, C. and Erreygers, A. and Verticale, G. and De Bock, J.},
  title={Modelling spectrum assignment in a two-service flexi-grid optical link with imprecise continuous-time Markov chains},
  booktitle ={Proceedings of DRCN 2017},
  year=2017,
  note={Accepted for publication}
}


@Comment{jabref-meta: databaseType:bibtex;}
